2646 4710
487 374 628 429 sarman

104 532 239 595 subsedit
252 539 336 612 pater
351 531 537 604 umbrarum,
554 533 724 611 gremioque
738 532 859 594 reducto

103 618 215 681 telluris
229 619 360 697 pavitans
375 619 520 679 fraternos
534 617 634 697 palluit
647 618 730 679 ictus.

75 732 78 740 ¹
105 704 246 766 continuo
263 704 358 775 clades
373 704 527 764 hominum
542 711 720 782 venturaque
735 703 840 764 damna
927 735 932 743 -

104 788 240 868 auspiciis
256 796 375 867 patuere
390 787 490 863 deum3
506 807 630 867 namque
644 806 696 849 ore
712 795 831 849 cruento

104 873 246 936 deformis
263 874 348 934 Titan
363 875 473 934 vultum
490 873 608 951 caligine
622 873 707 934 texit:

104 960 200 1022 civiles
216 958 292 1020 acies
308 959 366 1019 iam
381 966 443 1020 tum
460 961 571 1038 spirare
585 965 715 1037 putares

105 1052 188 1124 parte
203 1044 256 1105 alia
272 1044 375 1123 plenos
391 1045 511 1106 extinxit
526 1044 646 1123 Cynthia
661 1044 757 1104 vultus

104 1137 133 1191 et
147 1130 242 1190 lucem
255 1129 355 1190 sceleri
371 1130 517 1190 subduxit.
543 1136 629 1208 rupta
644 1128 786 1190 tonabant

106 1214 261 1276 verticibus
277 1214 367 1294 lapsis
382 1214 493 1276 montis
509 1215 588 1293 iuga,
604 1232 659 1275 nec
673 1232 742 1291 vaga
758 1214 871 1294 passim

103 1300 222 1361 llumina
238 1318 291 1380 per
305 1307 390 1361 notas
406 1300 487 1361 ibant
499 1299 652 1360 morientia
667 1300 757 1377 ripas.

104 1404 254 1447 armornm
270 1385 394 1464 strepitu
408 1386 519 1447 caelum
534 1384 605 1446 furit
619 1391 648 1445 et
661 1385 729 1446 tuba
744 1384 863 1445 Martem

104 1470 248 1531 sideribus
263 1470 430 1531 tremefacta
446 1471 513 1543 ciet,
529 1471 645 1548 iamque
660 1469 750 1531 Aetna
766 1476 884 1531 roratur

104 1555 219 1636 ignibus
235 1556 361 1617 insolitis
376 1563 406 1616 et
420 1555 450 1616 in
465 1556 579 1617 aethera
594 1555 716 1616 fulmina
730 1555 827 1616 mittit.

103 1660 170 1703 ecce
184 1643 261 1702 inter
275 1640 404 1702 tumulos
419 1648 504 1721 atque
519 1659 587 1702 ossa
602 1641 728 1702 carentia
742 1641 837 1702 bustis

102 1727 274 1788 umbrarum
290 1727 378 1787 facies
393 1727 457 1788 diro
473 1726 600 1788 stridore
616 1725 773 1788 minantur.

102 1813 150 1874 fax
166 1812 257 1874 stellis
273 1812 409 1873 comitata
423 1811 508 1873 novis
523 1812 656 1872 incendia
670 1812 764 1885 ducit,

103 1897 320 1977 sanguineoque
334 1915 436 1959 recens
451 1897 603 1958 descendit
616 1897 745 1976 luppiter
759 1897 863 1958 imbre.

103 1984 176 2044 baec
191 1989 305 2044 ostenta
320 1982 402 2043 brevi
417 1983 503 2044 solvit
517 1983 599 2047 deus,
629 1983 724 2044 exsuit
739 2000 842 2043 omnes

104 2067 214 2148 qnippe
227 2085 328 2128 moras
343 2068 462 2142 Caesar,
477 2069 679 2146 vindictaeque
693 2075 774 2129 actus
789 2084 890 2129 amore

105 2153 208 2214 Gallica
224 2153 359 2232 proiecit,
375 2153 464 2215 civilia
481 2153 598 2215 sustulit
613 2171 701 2214 arma.

145 2237 266 2318 Alpibus
282 2238 383 2310 aeriis,
398 2240 448 2300 ubi
463 2239 549 2301 Graio
566 2239 686 2300 nomine
701 2239 803 2318 pulsae

103 2324 283 2385 descendunt
296 2342 385 2403 rupes
400 2332 430 2386 et
444 2343 475 2385 se
490 2326 641 2404 patiuntur
655 2325 741 2398 adiri,

103 2416 149 2470 est
162 2408 245 2471 locus
259 2409 408 2471 Herculeis
423 2410 480 2471 aris
497 2428 592 2472 sacer:
608 2410 687 2470 bunc
701 2409 767 2470 nive
781 2410 854 2471 dura

103 2494 209 2556 claudit
223 2494 319 2556 biems
334 2507 466 2574 canoque
481 2497 516 2557 ad
533 2495 627 2556 sidera
644 2495 747 2556 vertice
762 2495 845 2556 tollit.

103 2578 215 2640 caelum
231 2580 310 2642 illinc
324 2580 465 2641 cecidisse
481 2588 581 2660 putes:
598 2597 658 2639 non
675 2580 745 2641 solis
762 2580 852 2641 adulti

102 2666 283 2726 mansuescit
296 2665 400 2739 radiis,
415 2682 476 2725 non
492 2666 572 2726 verni
586 2665 728 2744 temporis
743 2683 826 2738 aura,

103 2749 154 2811 sed
170 2750 258 2829 glacie
274 2758 406 2812 concreta
421 2751 519 2828 rigens
535 2750 697 2830 hiemisque
712 2750 826 2830 pruinis

102 2843 196 2896 totum
211 2836 292 2896 ferre·
302 2843 402 2916 potest
416 2836 525 2897 umeris
540 2835 743 2897 minitantibus
759 2835 869 2897 orbem.

101 2921 172 2982 baec
185 2921 235 2981 ubi
251 2921 368 2983 calcavit
382 2921 488 2983 Caesar
503 2923 569 3000 iuga
583 2921 674 2982 milite
688 2921 761 2982 laeto

102 3005 268 3087 optavitque
283 3008 393 3075 locum,
409 3026 526 3068 summo
543 3009 579 3068 de
594 3007 699 3068 vertice
713 3006 824 3067 montis

101 3091 257 3171 Hesperiae
273 3111 394 3172 campos
409 3093 465 3154 late
480 3096 632 3172 prospexit
647 3099 676 3153 et
691 3091 791 3153 ambas

100 3175 248 3238 intentans
264 3196 329 3238 cnm
346 3197 416 3238 voce
431 3196 535 3239 manus
551 3180 588 3238 ad
604 3179 698 3239 sidera
713 3177 799 3238 dixit:

76 3249 233 3341 “luppiter
246 3263 450 3342 omnipotens,
467 3271 554 3333 etto,
570 3263 705 3324 Saturnia
722 3261 835 3332 Tellus,

101 3347 190 3407 armis
205 3347 276 3408 laeta
292 3348 365 3409 meis
382 3348 512 3427 olimque
526 3357 646 3409 onerata
662 3347 833 3426 triumphis,

100 3437 208 3506 testor,
225 3434 261 3494 ad
278 3433 332 3493 bas
347 3433 422 3494 acies
438 3433 561 3495 invitum
577 3450 725 3494 accersere
740 3432 875 3503 Martem,

99 3516 205 3578 invitas
220 3537 269 3579 me
282 3519 358 3580 ferre
373 3536 487 3580 manus.
517 3520 568 3579 sed
585 3519 701 3579 vnlnere
715 3534 818 3594 cogor,

99 3602 202 3681 pulsus
217 3603 252 3664 ab
268 3603 338 3664 urbe
353 3622 430 3675 mee,
446 3604 515 3664 dum
531 3603 667 3665 Rhenum
683 3603 826 3683 sanguine
840 3600 955 3677 hugus,
1023 3614 1070 3663 160

100 3687 169 3747 dum
186 3687 282 3749 Gallos
298 3688 404 3749 iterum
420 3688 557 3767 Capitolia
572 3696 673 3750 nostra
688 3695 819 3768 petentes
907 3686 910 3694 '

101 3772 223 3851 Alpibus
239 3774 378 3845 excludo,
394 3774 538 3836 vincendo
555 3773 661 3834 certior
675 3773 748 3834 exul.

100 3857 241 3935 sanguine
257 3859 403 3920 Germano
419 3860 624 3939 sexagintaque
637 3857 796 3936 triumphis

99 3961 164 4004 esse
179 3961 290 4004 nocens
305 3944 399 4022 coepi.
430 3961 605 4024 quamquam
623 3962 697 4023 quos
713 3941 803 4021 gloria
818 3948 918 4014 terret,

100 4035 151 4089 aut
164 4028 214 4118 qui
230 4036 299 4091 sunt
313 4029 363 4108 qui
377 4028 450 4090 bella
465 4025 584 4090 retent?
598 4027 783 4092 mercedibus
799 4034 914 4110 emptae
1022 4042 1069 4091 165
