<?xml version="1.0" encoding="UTF-8"?>
<!DOCTYPE html PUBLIC "-//W3C//DTD XHTML 1.0 Transitional//EN"
    "http://www.w3.org/TR/xhtml1/DTD/xhtml1-transitional.dtd">
<html xmlns="http://www.w3.org/1999/xhtml" xml:lang="en" lang="en">
 <head>
  <title>
</title>
<meta http-equiv="Content-Type" content="text/html;charset=utf-8" />
  <meta name='ocr-system' content='tesseract 3.04.00' />
  <meta name='ocr-capabilities' content='ocr_page ocr_carea ocr_par ocr_line ocrx_word'/>
</head>
<body>
  <div class='ocr_page' id='page_1' title='image "./petroniiarbitri00arbigoog_0079.png"; bbox 0 0 2646 4710; ppageno 0'>
   <div class='ocr_carea' id='block_1_1' title="bbox 171 366 801 438">
    <p class='ocr_par' dir='ltr' id='par_1_1' title="bbox 171 366 801 438">
     <span class='ocr_line' id='line_1_1' title="bbox 171 366 801 438; baseline -0.002 -18"><span class='ocrx_word' id='word_1_1' title='bbox 171 376 213 438; x_wconf 79' lang='lat'>54</span> <span class='ocrx_word' id='word_1_2' title='bbox 644 366 801 420; x_wconf 85' lang='lat' dir='ltr'>rnrnonn</span> 
     </span>
    </p>
   </div>
   <div class='ocr_carea' id='block_1_2' title="bbox 74 519 1281 3750">
    <p class='ocr_par' dir='ltr' id='par_1_2' title="bbox 171 519 1274 693">
     <span class='ocr_line' id='line_1_2' title="bbox 171 519 1274 607; baseline -0.007 -19"><span class='ocrx_word' id='word_1_3' title='bbox 171 531 290 607; x_wconf 83' lang='lat' dir='ltr'>repente</span> <span class='ocrx_word' id='word_1_4' title='bbox 306 525 415 586; x_wconf 83' lang='lat' dir='ltr'>ostium</span> <span class='ocrx_word' id='word_1_5' title='bbox 431 525 517 585; x_wconf 88' lang='lat' dir='ltr'>cellae</span> <span class='ocrx_word' id='word_1_6' title='bbox 531 540 638 602; x_wconf 92' lang='lat' dir='ltr'>meque</span> <span class='ocrx_word' id='word_1_7' title='bbox 649 522 721 583; x_wconf 92' lang='lat' dir='ltr'>nibil</span> <span class='ocrx_word' id='word_1_8' title='bbox 732 522 788 582; x_wconf 89' lang='lat' dir='ltr'>tale</span> <span class='ocrx_word' id='word_1_9' title='bbox 799 527 999 600; x_wconf 80' lang='lat' dir='ltr'>expectantem</span> <span class='ocrx_word' id='word_1_10' title='bbox 1012 521 1139 594; x_wconf 79' lang='lat' dir='ltr'>inclusit,</span> <span class='ocrx_word' id='word_1_11' title='bbox 1156 519 1274 581; x_wconf 86' lang='lat' dir='ltr'>exemit-</span> 
     </span>
     <span class='ocr_line' id='line_1_3' title="bbox 172 607 1092 703; baseline -0.009 -29"><span class='ocrx_word' id='word_1_12' title='bbox 172 630 229 693; x_wconf 84' lang='lat' dir='ltr'>que</span> <span class='ocrx_word' id='word_1_13' title='bbox 241 609 348 690; x_wconf 86' lang='lat' dir='ltr'>raptim</span> <span class='ocrx_word' id='word_1_14' title='bbox 365 610 472 671; x_wconf 92' lang='lat' dir='ltr'>clavem</span> <span class='ocrx_word' id='word_1_15' title='bbox 488 609 568 670; x_wconf 90' lang='lat' dir='ltr'>etad</span> <span class='ocrx_word' id='word_1_16' title='bbox 585 607 690 669; x_wconf 86' lang='lat' dir='ltr'>Gitona</span> <span class='ocrx_word' id='word_1_17' title='bbox 705 607 939 685; x_wconf 84' lang='lat' dir='ltr'>investigandum</span> <span class='ocrx_word' id='word_1_18' title='bbox 955 607 1092 703; x_wconf 83' lang='lat' dir='ltr'><strong>cucurrit.</strong></span> 
     </span>
    </p>

    <p class='ocr_par' dir='ltr' id='par_1_3' title="bbox 172 690 1276 940">
     <span class='ocr_line' id='line_1_4' title="bbox 256 690 1276 774; baseline -0.006 -17"><span class='ocrx_word' id='word_1_19' title='bbox 256 696 386 758; x_wconf 83' lang='lat' dir='ltr'>inclusus</span> <span class='ocrx_word' id='word_1_20' title='bbox 408 714 463 774; x_wconf 78' lang='lat' dir='ltr'>ego</span> <span class='ocrx_word' id='word_1_21' title='bbox 488 693 649 772; x_wconf 88' lang='lat' dir='ltr'>suspendio</span> <span class='ocrx_word' id='word_1_22' title='bbox 670 692 758 753; x_wconf 82' lang='lat' dir='ltr'>vitam</span> <span class='ocrx_word' id='word_1_23' title='bbox 778 692 860 752; x_wconf 80' lang='lat' dir='ltr'>linire</span> <span class='ocrx_word' id='word_1_24' title='bbox 880 692 1026 752; x_wconf 89' lang='lat' dir='ltr'>constitui</span> <span class='ocrx_word' id='word_1_25' title='bbox 1063 690 1167 752; x_wconf 91' lang='lat' dir='ltr'>etiam</span> <span class='ocrx_word' id='word_1_26' title='bbox 1190 691 1276 752; x_wconf 88' lang='lat' dir='ltr'>semi·</span> 
     </span>
     <span class='ocr_line' id='line_1_5' title="bbox 172 776 1276 875; baseline -0.005 -32"><span class='ocrx_word' id='word_1_27' title='bbox 172 781 277 844; x_wconf 86' lang='lat' dir='ltr'>cinctio</span> <span class='ocrx_word' id='word_1_28' title='bbox 300 781 387 840; x_wconf 92' lang='lat' dir='ltr'>stanti</span> <span class='ocrx_word' id='word_1_29' title='bbox 407 781 443 840; x_wconf 90' lang='lat' dir='ltr'>ad</span> <span class='ocrx_word' id='word_1_30' title='bbox 465 779 605 875; x_wconf 82' lang='lat' dir='ltr'>parietem</span> <span class='ocrx_word' id='word_1_31' title='bbox 621 778 753 857; x_wconf 80' lang='lat' dir='ltr'>spondae</span> <span class='ocrx_word' id='word_1_32' title='bbox 768 796 816 837; x_wconf 93' lang='lat' dir='ltr'>me</span> <span class='ocrx_word' id='word_1_33' title='bbox 831 778 982 838; x_wconf 89' lang='lat' dir='ltr'>iunxeram</span> <span class='ocrx_word' id='word_1_34' title='bbox 999 776 1185 855; x_wconf 83' lang='lat' dir='ltr'>cervicesque</span> <span class='ocrx_word' id='word_1_35' title='bbox 1200 777 1276 838; x_wconf 88' lang='lat' dir='ltr'>nodo</span> 
     </span>
     <span class='ocr_line' id='line_1_6' title="bbox 173 861 1276 940; baseline -0.005 -13"><span class='ocrx_word' id='word_1_36' title='bbox 173 867 349 938; x_wconf 90' lang='lat' dir='ltr'>condebam‚</span> <span class='ocrx_word' id='word_1_37' title='bbox 367 884 432 925; x_wconf 94' lang='lat' dir='ltr'>cum</span> <span class='ocrx_word' id='word_1_38' title='bbox 448 871 558 924; x_wconf 89' lang='lat' dir='ltr'>reserat</span> <span class='ocrx_word' id='word_1_39' title='bbox 559 864 583 923; x_wconf 94' lang='lat' dir='ltr'>is</span> <span class='ocrx_word' id='word_1_40' title='bbox 546 863 712 924; x_wconf 88' lang='lat' dir='ltr'>tloribus</span> <span class='ocrx_word' id='word_1_41' title='bbox 729 863 817 922; x_wconf 87' lang='lat' dir='ltr'>intrat</span> <span class='ocrx_word' id='word_1_42' title='bbox 831 862 994 940; x_wconf 86' lang='lat' dir='ltr'><strong>Eumolpus</strong></span> <span class='ocrx_word' id='word_1_43' title='bbox 1010 880 1077 922; x_wconf 89' lang='lat' dir='ltr'>cum</span> <span class='ocrx_word' id='word_1_44' title='bbox 1094 861 1141 922; x_wconf 90' lang='lat' dir='ltr'>Git</span> <span class='ocrx_word' id='word_1_45' title='bbox 1129 869 1202 922; x_wconf 91' lang='lat' dir='ltr'>tone</span> <span class='ocrx_word' id='word_1_46' title='bbox 1217 880 1276 922; x_wconf 91' lang='lat' dir='ltr'>me-</span> 
     </span>
    </p>

    <p class='ocr_par' dir='ltr' id='par_1_4' title="bbox 132 913 1278 1540">
     <span class='ocr_line' id='line_1_7' title="bbox 132 913 1278 1048; baseline -0.007 -33"><span class='ocrx_word' id='word_1_47' title='bbox 132 1003 136 1016; x_wconf 95' lang='lat'><em>.</em></span> <span class='ocrx_word' id='word_1_48' title='bbox 172 970 229 1048; x_wconf 85' lang='lat' dir='ltr'>que</span> <span class='ocrx_word' id='word_1_49' title='bbox 244 971 261 1012; x_wconf 93' lang='lat' dir='ltr'>a</span> <span class='ocrx_word' id='word_1_50' title='bbox 275 913 376 1011; x_wconf 83' lang='lat' dir='ltr'>fatali</span> <span class='ocrx_word' id='word_1_51' title='bbox 369 966 425 1010; x_wconf 87' lang='lat' dir='ltr'>iam</span> <span class='ocrx_word' id='word_1_52' title='bbox 442 955 519 1009; x_wconf 87' lang='lat' dir='ltr'>meta</span> <span class='ocrx_word' id='word_1_53' title='bbox 535 954 651 1009; x_wconf 88' lang='lat' dir='ltr'>revocat</span> <span class='ocrx_word' id='word_1_54' title='bbox 666 946 701 1007; x_wconf 92' lang='lat' dir='ltr'>ad</span> <span class='ocrx_word' id='word_1_55' title='bbox 717 947 820 1007; x_wconf 90' lang='lat' dir='ltr'>lucem</span> <span class='ocrx_word' id='word_1_56' title='bbox 852 947 940 1007; x_wconf 86' lang='lat' dir='ltr'>Giton</span> <span class='ocrx_word' id='word_1_57' title='bbox 955 947 1111 1026; x_wconf 83' lang='lat' dir='ltr'>praecipue</span> <span class='ocrx_word' id='word_1_58' title='bbox 1127 965 1163 1006; x_wconf 92' lang='lat' dir='ltr'>ex</span> <span class='ocrx_word' id='word_1_59' title='bbox 1178 946 1278 1007; x_wconf 92' lang='lat' dir='ltr'>dolore</span> 
     </span>
     <span class='ocr_line' id='line_1_8' title="bbox 171 1031 1277 1128; baseline -0.004 -32"><span class='ocrx_word' id='word_1_60' title='bbox 171 1037 202 1096; x_wconf 91' lang='lat' dir='ltr'>in</span> <span class='ocrx_word' id='word_1_61' title='bbox 223 1035 332 1097; x_wconf 88' lang='lat' dir='ltr'>rabiem</span> <span class='ocrx_word' id='word_1_62' title='bbox 354 1036 454 1095; x_wconf 83' lang='lat' dir='ltr'>efferat</span> <span class='ocrx_word' id='word_1_63' title='bbox 442 1039 523 1095; x_wconf 90' lang='lat' dir='ltr'>ttus</span> <span class='ocrx_word' id='word_1_64' title='bbox 510 1033 587 1094; x_wconf 92' lang='lat' dir='ltr'>tollit</span> <span class='ocrx_word' id='word_1_65' title='bbox 606 1033 777 1104; x_wconf 88' lang='lat' dir='ltr'>clamorem,</span> <span class='ocrx_word' id='word_1_66' title='bbox 796 1050 845 1091; x_wconf 90' lang='lat' dir='ltr'>me</span> <span class='ocrx_word' id='word_1_67' title='bbox 866 1038 987 1111; x_wconf 89' lang='lat' dir='ltr'>utraque</span> <span class='ocrx_word' id='word_1_68' title='bbox 1010 1049 1096 1092; x_wconf 91' lang='lat' dir='ltr'>mann</span> <span class='ocrx_word' id='word_1_69' title='bbox 1118 1031 1277 1128; x_wconf 87' lang='lat' dir='ltr'>impulsum</span> 
     </span>
     <span class='ocr_line' id='line_1_9' title="bbox 172 1107 1278 1200; baseline -0.004 -20"><span class='ocrx_word' id='word_1_70' title='bbox 172 1120 343 1200; x_wconf 89' lang='lat' dir='ltr'>praecipitat</span> <span class='ocrx_word' id='word_1_71' title='bbox 357 1137 446 1198; x_wconf 93' lang='lat' dir='ltr'>super</span> <span class='ocrx_word' id='word_1_72' title='bbox 459 1119 515 1178; x_wconf 91' lang='lat' dir='ltr'>lect</span> <span class='ocrx_word' id='word_1_73' title='bbox 503 1124 575 1189; x_wconf 91' lang='lat' dir='ltr'>t‚um</span> <span class='ocrx_word' id='word_1_74' title='bbox 588 1108 688 1178; x_wconf 83' lang='lat' dir='ltr'>‘’erras</span> <span class='ocrx_word' id='word_1_75' title='bbox 705 1116 800 1195; x_wconf 92' lang='lat' dir='ltr'>inquit</span> <span class='ocrx_word' id='word_1_76' title='bbox 810 1107 954 1195; x_wconf 72' lang='lat' dir='ltr'>‘Encolpi</span> <span class='ocrx_word' id='word_1_77' title='bbox 969 1117 994 1176; x_wconf 89' lang='lat' dir='ltr'>si</span> <span class='ocrx_word' id='word_1_78' title='bbox 1009 1123 1062 1196; x_wconf 92' lang='lat' dir='ltr'>put</span> <span class='ocrx_word' id='word_1_79' title='bbox 1063 1136 1094 1177; x_wconf 93' lang='lat' dir='ltr'>as</span> <span class='ocrx_word' id='word_1_80' title='bbox 1111 1117 1278 1196; x_wconf 88' lang='lat' dir='ltr'>contingere</span> 
     </span>
     <span class='ocr_line' id='line_1_10' title="bbox 172 1201 1276 1302; baseline -0.003 -38"><span class='ocrx_word' id='word_1_81' title='bbox 172 1223 273 1302; x_wconf 74' lang='lat' dir='ltr'>posse3</span> <span class='ocrx_word' id='word_1_82' title='bbox 289 1211 323 1266; x_wconf 94' lang='lat' dir='ltr'>ut</span> <span class='ocrx_word' id='word_1_83' title='bbox 338 1210 404 1265; x_wconf 93' lang='lat' dir='ltr'>ante</span> <span class='ocrx_word' id='word_1_84' title='bbox 419 1222 463 1264; x_wconf 87' lang='lat' dir='ltr'>mc</span> <span class='ocrx_word' id='word_1_85' title='bbox 478 1201 623 1274; x_wconf 90' lang='lat' dir='ltr'>moriaris</span> <span class='ocrx_word' id='word_1_86' title='bbox 645 1201 727 1282; x_wconf 92' lang='lat' dir='ltr'>prior</span> <span class='ocrx_word' id='word_1_87' title='bbox 739 1201 838 1280; x_wconf 83' lang='lat' dir='ltr'>eoepi3</span> <span class='ocrx_word' id='word_1_88' title='bbox 853 1201 1000 1281; x_wconf 76' lang='lat' dir='ltr'>indscplti</span> <span class='ocrx_word' id='word_1_89' title='bbox 1011 1201 1118 1280; x_wconf 91' lang='lat' dir='ltr'>hospit</span> <span class='ocrx_word' id='word_1_90' title='bbox 1110 1221 1139 1261; x_wconf 88' lang='grc' dir='ltr'><strong>ιο</strong></span> <span class='ocrx_word' id='word_1_91' title='bbox 1152 1202 1276 1279; x_wconf 84' lang='lat' dir='ltr'>gladium</span> 
     </span>
     <span class='ocr_line' id='line_1_11' title="bbox 173 1275 1277 1385; baseline -0.003 -36"><span class='ocrx_word' id='word_1_92' title='bbox 173 1290 313 1385; x_wconf 69' lang='lat' dir='ltr'>quaesivi</span> <span class='ocrx_word' id='word_1_93' title='bbox 341 1307 394 1366; x_wconf 81' lang='lat' dir='ltr'>ego</span> <span class='ocrx_word' id='word_1_94' title='bbox 415 1289 441 1349; x_wconf 93' lang='lat' dir='ltr'>si</span> <span class='ocrx_word' id='word_1_95' title='bbox 461 1296 492 1349; x_wconf 90' lang='lat' dir='ltr'>te</span> <span class='ocrx_word' id='word_1_96' title='bbox 512 1275 573 1348; x_wconf 81' lang='lat' dir='ltr'>non</span> <span class='ocrx_word' id='word_1_97' title='bbox 588 1286 779 1360; x_wconf 84' lang='lat' dir='ltr'>invenissem,</span> <span class='ocrx_word' id='word_1_98' title='bbox 799 1286 947 1365; x_wconf 92' lang='lat' dir='ltr'>periturus</span> <span class='ocrx_word' id='word_1_99' title='bbox 968 1304 1022 1369; x_wconf 86' lang='lat' dir='ltr'>per</span> <span class='ocrx_word' id='word_1_100' title='bbox 1041 1285 1210 1383; x_wconf 83' lang='lat' dir='ltr'>praecipitia</span> <span class='ocrx_word' id='word_1_101' title='bbox 1228 1286 1277 1348; x_wconf 91' lang='lat' dir='ltr'>fni</span> 
     </span>
     <span class='ocr_line' id='line_1_12' title="bbox 173 1371 1276 1461; baseline -0.002 -26"><span class='ocrx_word' id='word_1_102' title='bbox 173 1381 202 1435; x_wconf 90' lang='grc' dir='ltr'>ιι</span> <span class='ocrx_word' id='word_1_103' title='bbox 221 1382 286 1436; x_wconf 87' lang='lat' dir='ltr'>uts</span> <span class='ocrx_word' id='word_1_104' title='bbox 273 1374 347 1437; x_wconf 91' lang='lat' dir='ltr'>scias</span> <span class='ocrx_word' id='word_1_105' title='bbox 367 1391 428 1434; x_wconf 92' lang='lat' dir='ltr'>non</span> <span class='ocrx_word' id='word_1_106' title='bbox 447 1373 534 1452; x_wconf 83' lang='lat' dir='ltr'>longe</span> <span class='ocrx_word' id='word_1_107' title='bbox 552 1391 619 1433; x_wconf 88' lang='lat' dir='ltr'>esse</span> <span class='ocrx_word' id='word_1_108' title='bbox 639 1379 778 1452; x_wconf 86' lang='lat' dir='ltr'>quaerent</span> <span class='ocrx_word' id='word_1_109' title='bbox 766 1372 845 1432; x_wconf 92' lang='lat' dir='ltr'>tibus</span> <span class='ocrx_word' id='word_1_110' title='bbox 865 1379 1005 1444; x_wconf 88' lang='lat' dir='ltr'>mortem,</span> <span class='ocrx_word' id='word_1_111' title='bbox 1025 1378 1137 1461; x_wconf 89' lang='lat' dir='ltr'>specta</span> <span class='ocrx_word' id='word_1_112' title='bbox 1144 1371 1276 1442; x_wconf 89' lang='lat' dir='ltr'>invicem,</span> 
     </span>
     <span class='ocr_line' id='line_1_13' title="bbox 173 1442 1277 1554; baseline -0.003 -35"><span class='ocrx_word' id='word_1_113' title='bbox 173 1460 251 1540; x_wconf 93' lang='lat' dir='ltr'>quod</span> <span class='ocrx_word' id='word_1_114' title='bbox 267 1479 314 1520; x_wconf 92' lang='lat' dir='ltr'>me</span> <span class='ocrx_word' id='word_1_115' title='bbox 330 1465 413 1554; x_wconf 80' lang='lat' dir='ltr'>spect</span> <span class='ocrx_word' id='word_1_116' title='bbox 414 1476 462 1519; x_wconf 93' lang='grc' dir='ltr'>ιιι</span> <span class='ocrx_word' id='word_1_117' title='bbox 478 1448 611 1518; x_wconf 68' lang='lat' dir='ltr'>voluisti.³</span> <span class='ocrx_word' id='word_1_118' title='bbox 637 1459 710 1518; x_wconf 92' lang='lat' dir='ltr'>baec</span> <span class='ocrx_word' id='word_1_119' title='bbox 722 1457 803 1518; x_wconf 90' lang='lat' dir='ltr'>locut</span> <span class='ocrx_word' id='word_1_120' title='bbox 790 1464 839 1518; x_wconf 86' lang='lat' dir='ltr'>tue</span> <span class='ocrx_word' id='word_1_121' title='bbox 854 1455 1055 1517; x_wconf 89' lang='lat' dir='ltr'>mercennario</span> <span class='ocrx_word' id='word_1_122' title='bbox 1071 1442 1209 1534; x_wconf 83' lang='lat' dir='ltr'>Eumolpi</span> <span class='ocrx_word' id='word_1_123' title='bbox 1223 1475 1277 1516; x_wconf 93' lang='lat' dir='ltr'>no-</span> 
     </span>
    </p>

    <p class='ocr_par' dir='ltr' id='par_1_5' title="bbox 136 1542 1277 1706">
     <span class='ocr_line' id='line_1_14' title="bbox 136 1542 1277 1621; baseline -0.003 -16"><span class='ocrx_word' id='word_1_124' title='bbox 136 1586 140 1590; x_wconf 96' lang='grc'>-</span> <span class='ocrx_word' id='word_1_125' title='bbox 172 1545 301 1605; x_wconf 92' lang='lat' dir='ltr'>vaculam</span> <span class='ocrx_word' id='word_1_126' title='bbox 320 1542 397 1621; x_wconf 91' lang='lat' dir='ltr'>rapit</span> <span class='ocrx_word' id='word_1_127' title='bbox 416 1550 445 1603; x_wconf 90' lang='lat' dir='ltr'>et</span> <span class='ocrx_word' id='word_1_128' title='bbox 432 1543 555 1603; x_wconf 91' lang='lat' dir='ltr'>tsemel</span> <span class='ocrx_word' id='word_1_129' title='bbox 569 1542 733 1621; x_wconf 87' lang='lat' dir='ltr'>iterumque</span> <span class='ocrx_word' id='word_1_130' title='bbox 748 1543 858 1603; x_wconf 88' lang='lat' dir='ltr'>cervice</span> <span class='ocrx_word' id='word_1_131' title='bbox 873 1559 1014 1620; x_wconf 88' lang='lat' dir='ltr'>percussa</span> <span class='ocrx_word' id='word_1_132' title='bbox 1030 1542 1202 1620; x_wconf 87' lang='lat' dir='ltr'>antepedes</span> <span class='ocrx_word' id='word_1_133' title='bbox 1218 1542 1277 1602; x_wconf 94' lang='lat' dir='ltr'>col-</span> 
     </span>
     <span class='ocr_line' id='line_1_15' title="bbox 171 1626 1276 1706; baseline -0.002 -17"><span class='ocrx_word' id='word_1_134' title='bbox 171 1629 277 1690; x_wconf 87' lang='lat' dir='ltr'>labitur</span> <span class='ocrx_word' id='word_1_135' title='bbox 291 1646 347 1688; x_wconf 91' lang='lat' dir='ltr'>nos</span> <span class='ocrx_word' id='word_1_136' title='bbox 348 1635 420 1688; x_wconf 91' lang='lat' dir='ltr'>tros.</span> <span class='ocrx_word' id='word_1_137' title='bbox 451 1627 580 1688; x_wconf 91' lang='lat' dir='ltr'>exclamo</span> <span class='ocrx_word' id='word_1_138' title='bbox 597 1646 650 1706; x_wconf 83' lang='lat' dir='ltr'>ego</span> <span class='ocrx_word' id='word_1_139' title='bbox 667 1627 817 1700; x_wconf 91' lang='lat' dir='ltr'>attonitus,</span> <span class='ocrx_word' id='word_1_140' title='bbox 834 1634 1011 1704; x_wconf 88' lang='lat' dir='ltr'>secutusque</span> <span class='ocrx_word' id='word_1_141' title='bbox 1020 1626 1163 1686; x_wconf 88' lang='lat' dir='ltr'>labentem</span> <span class='ocrx_word' id='word_1_142' title='bbox 1175 1626 1276 1687; x_wconf 89' lang='lat' dir='ltr'>eodem</span> 
     </span>
    </p>

    <p class='ocr_par' dir='ltr' id='par_1_6' title="bbox 133 1711 1278 2202">
     <span class='ocr_line' id='line_1_16' title="bbox 133 1711 1277 1791; baseline 0.003 -23"><span class='ocrx_word' id='word_1_143' title='bbox 133 1764 136 1768; x_wconf 87' lang='lat'>.</span> <span class='ocrx_word' id='word_1_144' title='bbox 173 1714 350 1774; x_wconf 88' lang='lat' dir='ltr'>ferramento</span> <span class='ocrx_word' id='word_1_145' title='bbox 366 1712 402 1773; x_wconf 92' lang='lat' dir='ltr'>ad</span> <span class='ocrx_word' id='word_1_146' title='bbox 419 1719 545 1772; x_wconf 91' lang='lat' dir='ltr'>mortem</span> <span class='ocrx_word' id='word_1_147' title='bbox 560 1712 636 1773; x_wconf 89' lang='lat' dir='ltr'>viam</span> <span class='ocrx_word' id='word_1_148' title='bbox 653 1730 771 1791; x_wconf 86' lang='lat' dir='ltr'>quaero.</span> <span class='ocrx_word' id='word_1_149' title='bbox 802 1711 852 1772; x_wconf 92' lang='lat' dir='ltr'>sed</span> <span class='ocrx_word' id='word_1_150' title='bbox 869 1729 964 1789; x_wconf 92' lang='lat' dir='ltr'>neque</span> <span class='ocrx_word' id='word_1_151' title='bbox 980 1711 1068 1771; x_wconf 87' lang='lat' dir='ltr'>Giton</span> <span class='ocrx_word' id='word_1_152' title='bbox 1083 1711 1139 1772; x_wconf 94' lang='lat' dir='ltr'>ulla</span> <span class='ocrx_word' id='word_1_153' title='bbox 1155 1718 1277 1787; x_wconf 88' lang='lat' dir='ltr'>eratsu-</span> 
     </span>
     <span class='ocr_line' id='line_1_17' title="bbox 174 1795 1277 1879; baseline -0.002 -19"><span class='ocrx_word' id='word_1_154' title='bbox 174 1798 302 1879; x_wconf 92' lang='lat' dir='ltr'>spitione</span> <span class='ocrx_word' id='word_1_155' title='bbox 317 1795 445 1858; x_wconf 90' lang='lat' dir='ltr'>vulneris</span> <span class='ocrx_word' id='word_1_156' title='bbox 460 1798 571 1868; x_wconf 85' lang='lat' dir='ltr'>laesus,</span> <span class='ocrx_word' id='word_1_157' title='bbox 588 1814 684 1876; x_wconf 91' lang='lat' dir='ltr'>neque</span> <span class='ocrx_word' id='word_1_158' title='bbox 699 1816 754 1876; x_wconf 84' lang='lat' dir='ltr'>ego</span> <span class='ocrx_word' id='word_1_159' title='bbox 769 1797 860 1858; x_wconf 90' lang='lat' dir='ltr'>ullum</span> <span class='ocrx_word' id='word_1_160' title='bbox 876 1796 1038 1857; x_wconf 88' lang='lat' dir='ltr'>sentiebam</span> <span class='ocrx_word' id='word_1_161' title='bbox 1055 1796 1197 1857; x_wconf 90' lang='lat' dir='ltr'>dolorem.</span> <span class='ocrx_word' id='word_1_162' title='bbox 1228 1814 1277 1858; x_wconf 92' lang='lat' dir='ltr'>ru-</span> 
     </span>
     <span class='ocr_line' id='line_1_18' title="bbox 173 1880 1278 1962; baseline -0.002 -16"><span class='ocrx_word' id='word_1_163' title='bbox 173 1883 219 1946; x_wconf 88' lang='lat' dir='ltr'>dis</span> <span class='ocrx_word' id='word_1_164' title='bbox 233 1884 312 1945; x_wconf 91' lang='lat' dir='ltr'>enim</span> <span class='ocrx_word' id='word_1_165' title='bbox 328 1882 467 1944; x_wconf 91' lang='lat' dir='ltr'>novacula</span> <span class='ocrx_word' id='word_1_166' title='bbox 482 1882 554 1943; x_wconf 86' lang='lat' dir='ltr'>etin</span> <span class='ocrx_word' id='word_1_167' title='bbox 569 1881 628 1942; x_wconf 91' lang='lat' dir='ltr'>hoo</span> <span class='ocrx_word' id='word_1_168' title='bbox 642 1888 751 1954; x_wconf 86' lang='lat' dir='ltr'>retusa,</span> <span class='ocrx_word' id='word_1_169' title='bbox 767 1889 800 1942; x_wconf 91' lang='lat' dir='ltr'>ut</span> <span class='ocrx_word' id='word_1_170' title='bbox 814 1881 913 1962; x_wconf 92' lang='lat' dir='ltr'>pueris</span> <span class='ocrx_word' id='word_1_171' title='bbox 930 1882 1045 1942; x_wconf 88' lang='lat' dir='ltr'>discent</span> <span class='ocrx_word' id='word_1_172' title='bbox 1046 1881 1111 1942; x_wconf 94' lang='lat' dir='ltr'>ibus</span> <span class='ocrx_word' id='word_1_173' title='bbox 1128 1880 1278 1943; x_wconf 89' lang='lat' dir='ltr'>audaciam</span> 
     </span>
     <span class='ocr_line' id='line_1_19' title="bbox 172 1963 1278 2046; baseline -0.001 -16"><span class='ocrx_word' id='word_1_174' title='bbox 172 1970 305 2031; x_wconf 84' lang='lat' dir='ltr'>tonsoris</span> <span class='ocrx_word' id='word_1_175' title='bbox 317 1970 407 2042; x_wconf 87' lang='lat' dir='ltr'>daret,</span> <span class='ocrx_word' id='word_1_176' title='bbox 416 1968 594 2029; x_wconf 81' lang='lat' dir='ltr'>instruxerat</span> <span class='ocrx_word' id='word_1_177' title='bbox 582 1963 729 2028; x_wconf 86' lang='lat' dir='ltr'>ttbeeam.</span> <span class='ocrx_word' id='word_1_178' title='bbox 753 1967 876 2046; x_wconf 90' lang='lat' dir='ltr'>ideoque</span> <span class='ocrx_word' id='word_1_179' title='bbox 887 1985 942 2028; x_wconf 90' lang='lat' dir='ltr'>nec</span> <span class='ocrx_word' id='word_1_180' title='bbox 953 1965 1172 2028; x_wconf 89' lang='lat' dir='ltr'>mercennarius</span> <span class='ocrx_word' id='word_1_181' title='bbox 1184 1968 1221 2028; x_wconf 92' lang='lat' dir='ltr'>ad</span> <span class='ocrx_word' id='word_1_182' title='bbox 1232 1985 1278 2029; x_wconf 88' lang='lat' dir='ltr'>ra-</span> 
     </span>
     <span class='ocr_line' id='line_1_20' title="bbox 171 2049 1277 2153; baseline -0.002 -37"><span class='ocrx_word' id='word_1_183' title='bbox 171 2061 255 2135; x_wconf 85' lang='lat' dir='ltr'>ptum</span> <span class='ocrx_word' id='word_1_184' title='bbox 271 2055 481 2116; x_wconf 75' lang='lat' dir='ltr'>ferramentum</span> <span class='ocrx_word' id='word_1_185' title='bbox 497 2049 663 2132; x_wconf 78' lang='lat' dir='ltr'>expaverat,</span> <span class='ocrx_word' id='word_1_186' title='bbox 683 2071 739 2113; x_wconf 90' lang='lat' dir='ltr'>nec</span> <span class='ocrx_word' id='word_1_187' title='bbox 753 2052 917 2153; x_wconf 87' lang='lat' dir='ltr'>Eumolpus</span> <span class='ocrx_word' id='word_1_188' title='bbox 932 2052 1172 2131; x_wconf 88' lang='lat' dir='ltr'>interpellaverat</span> <span class='ocrx_word' id='word_1_189' title='bbox 1178 2053 1277 2114; x_wconf 90' lang='lat' dir='ltr'>mimi-</span> 
     </span>
     <span class='ocr_line' id='line_1_21' title="bbox 174 2147 388 2202; baseline -0.02 0"><span class='ocrx_word' id='word_1_190' title='bbox 174 2147 388 2202; x_wconf 80' lang='lat' dir='ltr'>cammortem.</span> 
     </span>
    </p>

    <p class='ocr_par' dir='ltr' id='par_1_7' title="bbox 116 2220 1281 3473">
     <span class='ocr_line' id='line_1_22' title="bbox 116 2220 1279 2322; baseline 0.001 -38"><span class='ocrx_word' id='word_1_191' title='bbox 116 2223 157 2284; x_wconf 85' lang='grc'>95</span> <span class='ocrx_word' id='word_1_192' title='bbox 258 2223 327 2284; x_wconf 93' lang='lat' dir='ltr'>dum</span> <span class='ocrx_word' id='word_1_193' title='bbox 346 2223 419 2282; x_wconf 88' lang='lat' dir='ltr'>baec</span> <span class='ocrx_word' id='word_1_194' title='bbox 438 2220 533 2282; x_wconf 82' lang='lat' dir='ltr'>fabula</span> <span class='ocrx_word' id='word_1_195' title='bbox 554 2221 630 2282; x_wconf 88' lang='lat' dir='ltr'>inter</span> <span class='ocrx_word' id='word_1_196' title='bbox 648 2229 747 2283; x_wconf 91' lang='lat' dir='ltr'>amant</span> <span class='ocrx_word' id='word_1_197' title='bbox 748 2241 779 2283; x_wconf 90' lang='lat' dir='ltr'>es</span> <span class='ocrx_word' id='word_1_198' title='bbox 734 2222 917 2294; x_wconf 88' lang='lat' dir='ltr'>tluditur‚</span> <span class='ocrx_word' id='word_1_199' title='bbox 939 2222 1099 2283; x_wconf 83' lang='lat' dir='ltr'>deversitor</span> <span class='ocrx_word' id='word_1_200' title='bbox 1114 2240 1181 2283; x_wconf 92' lang='lat' dir='ltr'>cum</span> <span class='ocrx_word' id='word_1_201' title='bbox 1197 2231 1279 2322; x_wconf 77' lang='lat' dir='ltr'>parte</span> 
     </span>
     <span class='ocr_line' id='line_1_23' title="bbox 174 2305 1278 2407; baseline 0.002 -39"><span class='ocrx_word' id='word_1_202' title='bbox 174 2307 292 2369; x_wconf 86' lang='lat' dir='ltr'>cenulae</span> <span class='ocrx_word' id='word_1_203' title='bbox 311 2305 480 2378; x_wconf 86' lang='lat' dir='ltr'>intervenit,</span> <span class='ocrx_word' id='word_1_204' title='bbox 502 2307 776 2407; x_wconf 85' lang='lat' dir='ltr'>contemplatusque</span> <span class='ocrx_word' id='word_1_205' title='bbox 794 2305 997 2368; x_wconf 82' lang='lat' dir='ltr'>foedissimam</span> <span class='ocrx_word' id='word_1_206' title='bbox 1012 2308 1245 2370; x_wconf 81' lang='lat' dir='ltr'>volutationem</span> <span class='ocrx_word' id='word_1_207' title='bbox 1238 2328 1278 2370; x_wconf 92' lang='grc' dir='ltr'>ιι-</span> 
     </span>
     <span class='ocr_line' id='line_1_24' title="bbox 173 2381 1278 2472; baseline 0.003 -19"><span class='ocrx_word' id='word_1_208' title='bbox 173 2382 321 2463; x_wconf 85' lang='lat' dir='ltr'>centium‘</span> <span class='ocrx_word' id='word_1_209' title='bbox 322 2382 405 2470; x_wconf 82' lang='lat' dir='ltr'>rogo’</span> <span class='ocrx_word' id='word_1_210' title='bbox 419 2390 514 2470; x_wconf 93' lang='lat' dir='ltr'>inquit</span> <span class='ocrx_word' id='word_1_211' title='bbox 525 2381 609 2452; x_wconf 89' lang='lat' dir='ltr'>ebrii</span> <span class='ocrx_word' id='word_1_212' title='bbox 624 2392 704 2464; x_wconf 88' lang='lat' dir='ltr'>estis,</span> <span class='ocrx_word' id='word_1_213' title='bbox 721 2392 888 2471; x_wconf 77' lang='lat' dir='ltr'>aufugium,</span> <span class='ocrx_word' id='word_1_214' title='bbox 905 2390 1133 2471; x_wconf 82' lang='lat' dir='ltr'>anutrumque‘?</span> <span class='ocrx_word' id='word_1_215' title='bbox 1148 2393 1278 2472; x_wconf 85' lang='lat' dir='ltr'>quisen-</span> 
     </span>
     <span class='ocr_line' id='line_1_25' title="bbox 172 2476 1279 2556; baseline 0.001 -18"><span class='ocrx_word' id='word_1_216' title='bbox 172 2483 232 2538; x_wconf 83' lang='lat' dir='ltr'>tem</span> <span class='ocrx_word' id='word_1_217' title='bbox 251 2476 402 2556; x_wconf 84' lang='lat' dir='ltr'>grabatum</span> <span class='ocrx_word' id='word_1_218' title='bbox 422 2476 503 2537; x_wconf 93' lang='lat' dir='ltr'>illum</span> <span class='ocrx_word' id='word_1_219' title='bbox 523 2476 628 2549; x_wconf 86' lang='lat' dir='ltr'>erexit,</span> <span class='ocrx_word' id='word_1_220' title='bbox 648 2485 698 2538; x_wconf 88' lang='lat' dir='ltr'>aut</span> <span class='ocrx_word' id='word_1_221' title='bbox 719 2478 788 2556; x_wconf 93' lang='lat' dir='ltr'>quid</span> <span class='ocrx_word' id='word_1_222' title='bbox 804 2477 860 2538; x_wconf 90' lang='lat' dir='ltr'>sibi</span> <span class='ocrx_word' id='word_1_223' title='bbox 875 2478 935 2538; x_wconf 90' lang='lat' dir='ltr'>vult</span> <span class='ocrx_word' id='word_1_224' title='bbox 949 2485 1009 2538; x_wconf 91' lang='lat' dir='ltr'>tam</span> <span class='ocrx_word' id='word_1_225' title='bbox 1023 2478 1128 2538; x_wconf 84' lang='lat' dir='ltr'>furtiva</span> <span class='ocrx_word' id='word_1_226' title='bbox 1143 2477 1279 2541; x_wconf 86' lang='lat' dir='ltr'>molitio‘l</span> 
     </span>
     <span class='ocr_line' id='line_1_26' title="bbox 171 2562 1279 2643; baseline 0.005 -22"><span class='ocrx_word' id='word_1_227' title='bbox 171 2580 225 2623; x_wconf 85' lang='lat' dir='ltr'>vos</span> <span class='ocrx_word' id='word_1_228' title='bbox 240 2563 420 2623; x_wconf 88' lang='lat' dir='ltr'>mehercules</span> <span class='ocrx_word' id='word_1_229' title='bbox 441 2579 478 2622; x_wconf 91' lang='lat' dir='ltr'>ne</span> <span class='ocrx_word' id='word_1_230' title='bbox 493 2562 658 2623; x_wconf 85' lang='lat' dir='ltr'>mercedem</span> <span class='ocrx_word' id='word_1_231' title='bbox 675 2563 763 2624; x_wconf 91' lang='lat' dir='ltr'>cellae</span> <span class='ocrx_word' id='word_1_232' title='bbox 778 2563 866 2624; x_wconf 87' lang='lat' dir='ltr'>daret</span> <span class='ocrx_word' id='word_1_233' title='bbox 846 2571 898 2634; x_wconf 87' lang='lat' dir='ltr'>t‚1s</span> <span class='ocrx_word' id='word_1_234' title='bbox 919 2563 1020 2642; x_wconf 83' lang='lat' dir='ltr'>fugere</span> <span class='ocrx_word' id='word_1_235' title='bbox 1034 2570 1105 2624; x_wconf 91' lang='lat' dir='ltr'>noct</span> <span class='ocrx_word' id='word_1_236' title='bbox 1106 2583 1121 2624; x_wconf 91' lang='lat' dir='ltr'>e</span> <span class='ocrx_word' id='word_1_237' title='bbox 1135 2563 1166 2624; x_wconf 92' lang='lat' dir='ltr'>in</span> <span class='ocrx_word' id='word_1_238' title='bbox 1181 2565 1279 2643; x_wconf 90' lang='lat' dir='ltr'>publi-</span> 
     </span>
     <span class='ocr_line' id='line_1_27' title="bbox 174 2646 1279 2726; baseline 0.002 -18"><span class='ocrx_word' id='word_1_239' title='bbox 174 2665 239 2708; x_wconf 89' lang='lat' dir='ltr'>cum</span> <span class='ocrx_word' id='word_1_240' title='bbox 256 2647 370 2708; x_wconf 89' lang='lat' dir='ltr'>voluist&#39;</span> <span class='ocrx_word' id='word_1_241' title='bbox 350 2655 396 2708; x_wconf 82' lang='lat' dir='ltr'>tis</span> <span class='ocrx_word' id='word_1_242' title='bbox 424 2646 477 2707; x_wconf 92' lang='lat' dir='ltr'>sed</span> <span class='ocrx_word' id='word_1_243' title='bbox 498 2665 558 2708; x_wconf 87' lang='lat' dir='ltr'>non</span> <span class='ocrx_word' id='word_1_244' title='bbox 578 2647 725 2726; x_wconf 92' lang='lat' dir='ltr'>impune.</span> <span class='ocrx_word' id='word_1_245' title='bbox 739 2648 796 2709; x_wconf 89' lang='lat' dir='ltr'>iam</span> <span class='ocrx_word' id='word_1_246' title='bbox 813 2649 891 2708; x_wconf 90' lang='lat' dir='ltr'>enim</span> <span class='ocrx_word' id='word_1_247' title='bbox 906 2648 972 2709; x_wconf 91' lang='lat' dir='ltr'>faxo</span> <span class='ocrx_word' id='word_1_248' title='bbox 990 2648 1088 2717; x_wconf 85' lang='lat' dir='ltr'>sciatis</span> <span class='ocrx_word' id='word_1_249' title='bbox 1103 2667 1163 2709; x_wconf 91' lang='lat' dir='ltr'>non</span> <span class='ocrx_word' id='word_1_250' title='bbox 1178 2649 1279 2712; x_wconf 89' lang='lat' dir='ltr'>viduae</span> 
     </span>
     <span class='ocr_line' id='line_1_28' title="bbox 172 2724 1279 2829; baseline 0.003 -36"><span class='ocrx_word' id='word_1_251' title='bbox 172 2733 249 2793; x_wconf 91' lang='lat' dir='ltr'>hanc</span> <span class='ocrx_word' id='word_1_252' title='bbox 263 2731 389 2793; x_wconf 93' lang='lat' dir='ltr'>insulam</span> <span class='ocrx_word' id='word_1_253' title='bbox 405 2750 471 2792; x_wconf 92' lang='lat' dir='ltr'>esse</span> <span class='ocrx_word' id='word_1_254' title='bbox 486 2732 538 2791; x_wconf 89' lang='lat' dir='ltr'>sed</span> <span class='ocrx_word' id='word_1_255' title='bbox 553 2733 590 2792; x_wconf 92' lang='grc' dir='ltr'><strong>Μ</strong></span> <span class='ocrx_word' id='word_1_256' title='bbox 606 2725 759 2794; x_wconf 90' lang='lat' dir='ltr'>Mannioii.</span> <span class='ocrx_word' id='word_1_257' title='bbox 788 2734 928 2794; x_wconf 90' lang='lat' dir='ltr'>exclamat</span> <span class='ocrx_word' id='word_1_258' title='bbox 938 2724 1122 2829; x_wconf 86' lang='lat' dir='ltr'>Eumolpus‘</span> <span class='ocrx_word' id='word_1_259' title='bbox 1124 2741 1153 2794; x_wconf 93' lang='lat' dir='ltr'>e</span> <span class='ocrx_word' id='word_1_260' title='bbox 1153 2753 1211 2795; x_wconf 87' lang='lat' dir='ltr'>iam</span> <span class='ocrx_word' id='word_1_261' title='bbox 1222 2735 1279 2796; x_wconf 93' lang='lat' dir='ltr'>mi-</span> 
     </span>
     <span class='ocr_line' id='line_1_29' title="bbox 173 2809 1280 2898; baseline 0.004 -20"><span class='ocrx_word' id='word_1_262' title='bbox 173 2809 289 2878; x_wconf 81' lang='lat' dir='ltr'>naris‘l&#39;</span> <span class='ocrx_word' id='word_1_263' title='bbox 310 2817 454 2894; x_wconf 90' lang='lat' dir='ltr'>simulque</span> <span class='ocrx_word' id='word_1_264' title='bbox 476 2835 510 2876; x_wconf 86' lang='lat' dir='ltr'>os</span> <span class='ocrx_word' id='word_1_265' title='bbox 531 2817 660 2890; x_wconf 86' lang='lat' dir='ltr'>bominis</span> <span class='ocrx_word' id='word_1_266' title='bbox 681 2820 776 2898; x_wconf 90' lang='lat' dir='ltr'>palma</span> <span class='ocrx_word' id='word_1_267' title='bbox 799 2817 1006 2878; x_wconf 91' lang='lat' dir='ltr'>excussissima</span> <span class='ocrx_word' id='word_1_268' title='bbox 1027 2819 1132 2896; x_wconf 87' lang='lat' dir='ltr'>pulsat.</span> <span class='ocrx_word' id='word_1_269' title='bbox 1112 2819 1215 2880; x_wconf 87' lang='lat' dir='ltr'>tille</span> <span class='ocrx_word' id='word_1_270' title='bbox 1235 2827 1280 2882; x_wconf 86' lang='lat' dir='ltr'>tot</span> 
     </span>
     <span class='ocr_line' id='line_1_30' title="bbox 172 2901 1281 3003; baseline 0.005 -41"><span class='ocrx_word' id='word_1_271' title='bbox 172 2901 325 2979; x_wconf 88' lang='lat' dir='ltr'>hospitum</span> <span class='ocrx_word' id='word_1_272' title='bbox 345 2901 516 2980; x_wconf 90' lang='lat' dir='ltr'>potionibus</span> <span class='ocrx_word' id='word_1_273' title='bbox 537 2902 661 2964; x_wconf 92' lang='lat' dir='ltr'>liberum</span> <span class='ocrx_word' id='word_1_274' title='bbox 681 2904 832 2964; x_wconf 90' lang='lat' dir='ltr'>urceolum</span> <span class='ocrx_word' id='word_1_275' title='bbox 851 2902 996 2962; x_wconf 89' lang='lat' dir='ltr'>fictilem</span> <span class='ocrx_word' id='word_1_276' title='bbox 988 2919 1018 2961; x_wconf 92' lang='lat' dir='ltr'>m</span> <span class='ocrx_word' id='word_1_277' title='bbox 1034 2903 1172 2982; x_wconf 86' lang='lat' dir='ltr'>Eumolpi</span> <span class='ocrx_word' id='word_1_278' title='bbox 1193 2913 1281 3003; x_wconf 84' lang='lat' dir='ltr'>caput</span> 
     </span>
     <span class='ocr_line' id='line_1_31' title="bbox 173 2985 1278 3068; baseline 0.004 -22"><span class='ocrx_word' id='word_1_279' title='bbox 173 2986 313 3046; x_wconf 81' lang='lat' dir='ltr'>iaculatus</span> <span class='ocrx_word' id='word_1_280' title='bbox 332 2991 379 3046; x_wconf 91' lang='lat' dir='ltr'>est</span> <span class='ocrx_word' id='word_1_281' title='bbox 397 2985 541 3064; x_wconf 88' lang='lat' dir='ltr'>solvitque</span> <span class='ocrx_word' id='word_1_282' title='bbox 561 2988 711 3049; x_wconf 91' lang='lat' dir='ltr'>clamantis</span> <span class='ocrx_word' id='word_1_283' title='bbox 731 2988 812 3047; x_wconf 83' lang='lat' dir='ltr'>frent</span> <span class='ocrx_word' id='word_1_284' title='bbox 801 2995 860 3047; x_wconf 91' lang='lat' dir='ltr'>tem</span> <span class='ocrx_word' id='word_1_285' title='bbox 881 2987 965 3046; x_wconf 90' lang='lat' dir='ltr'>etde</span> <span class='ocrx_word' id='word_1_286' title='bbox 987 2986 1055 3046; x_wconf 91' lang='lat' dir='ltr'>cella</span> <span class='ocrx_word' id='word_1_287' title='bbox 1076 3006 1107 3046; x_wconf 89' lang='lat' dir='ltr'>se</span> <span class='ocrx_word' id='word_1_288' title='bbox 1123 2989 1278 3068; x_wconf 87' lang='lat' dir='ltr'>proripuit.</span> 
     </span>
     <span class='ocr_line' id='line_1_32' title="bbox 173 3069 1279 3153; baseline 0.005 -21"><span class='ocrx_word' id='word_1_289' title='bbox 173 3070 336 3150; x_wconf 89' lang='lat' dir='ltr'>Eumolpus</span> <span class='ocrx_word' id='word_1_290' title='bbox 352 3069 544 3131; x_wconf 87' lang='lat' dir='ltr'>contumeliae</span> <span class='ocrx_word' id='word_1_291' title='bbox 559 3071 714 3152; x_wconf 91' lang='lat' dir='ltr'>impatiens</span> <span class='ocrx_word' id='word_1_292' title='bbox 728 3071 805 3150; x_wconf 92' lang='lat' dir='ltr'>rapit</span> <span class='ocrx_word' id='word_1_293' title='bbox 818 3071 944 3149; x_wconf 86' lang='lat' dir='ltr'>ligneum</span> <span class='ocrx_word' id='word_1_294' title='bbox 961 3070 1164 3132; x_wconf 91' lang='lat' dir='ltr'>candelabrum</span> <span class='ocrx_word' id='word_1_295' title='bbox 1178 3075 1279 3153; x_wconf 91' lang='lat' dir='ltr'>seqni-</span> 
     </span>
     <span class='ocr_line' id='line_1_33' title="bbox 173 3154 1278 3234; baseline 0.006 -19"><span class='ocrx_word' id='word_1_296' title='bbox 173 3162 280 3234; x_wconf 90' lang='lat' dir='ltr'>turque</span> <span class='ocrx_word' id='word_1_297' title='bbox 295 3154 449 3216; x_wconf 89' lang='lat' dir='ltr'>abeuntem</span> <span class='ocrx_word' id='word_1_298' title='bbox 474 3161 504 3216; x_wconf 86' lang='lat' dir='ltr'>et</span> <span class='ocrx_word' id='word_1_299' title='bbox 518 3157 702 3218; x_wconf 85' lang='lat' dir='ltr'>creberrimis</span> <span class='ocrx_word' id='word_1_300' title='bbox 718 3155 824 3216; x_wconf 89' lang='lat' dir='ltr'>ictibus</span> <span class='ocrx_word' id='word_1_301' title='bbox 840 3155 1026 3234; x_wconf 89' lang='lat' dir='ltr'>supercilium</span> <span class='ocrx_word' id='word_1_302' title='bbox 1043 3176 1129 3218; x_wconf 91' lang='lat' dir='ltr'>suum</span> <span class='ocrx_word' id='word_1_303' title='bbox 1144 3158 1278 3222; x_wconf 91' lang='lat' dir='ltr'>vindicat.</span> 
     </span>
     <span class='ocr_line' id='line_1_34' title="bbox 172 3240 1277 3321; baseline 0.006 -21"><span class='ocrx_word' id='word_1_304' title='bbox 172 3240 206 3300; x_wconf 87' lang='grc' dir='ltr'>ιιι</span> <span class='ocrx_word' id='word_1_305' title='bbox 221 3254 383 3301; x_wconf 88' lang='lat' dir='ltr'>concursus</span> <span class='ocrx_word' id='word_1_306' title='bbox 398 3240 522 3302; x_wconf 82' lang='lat' dir='ltr'>familiae</span> <span class='ocrx_word' id='word_1_307' title='bbox 536 3242 744 3321; x_wconf 88' lang='lat' dir='ltr'>hospitumque</span> <span class='ocrx_word' id='word_1_308' title='bbox 759 3240 907 3301; x_wconf 90' lang='lat' dir='ltr'>ebriorum</span> <span class='ocrx_word' id='word_1_309' title='bbox 922 3240 1092 3320; x_wconf 85' lang='lat' dir='ltr'>frequentia.</span> <span class='ocrx_word' id='word_1_310' title='bbox 1115 3261 1169 3321; x_wconf 84' lang='lat' dir='ltr'>ego</span> <span class='ocrx_word' id='word_1_311' title='bbox 1182 3252 1277 3307; x_wconf 91' lang='lat' dir='ltr'>autem</span> 
     </span>
     <span class='ocr_line' id='line_1_35' title="bbox 172 3325 1278 3407; baseline 0.006 -22"><span class='ocrx_word' id='word_1_312' title='bbox 172 3332 274 3386; x_wconf 90' lang='lat' dir='ltr'>nactus</span> <span class='ocrx_word' id='word_1_313' title='bbox 295 3325 481 3387; x_wconf 88' lang='lat' dir='ltr'>occasionem</span> <span class='ocrx_word' id='word_1_314' title='bbox 501 3325 642 3387; x_wconf 87' lang='lat' dir='ltr'>vindictae</span> <span class='ocrx_word' id='word_1_315' title='bbox 656 3325 836 3406; x_wconf 91' lang='lat' dir='ltr'>Eumolpum</span> <span class='ocrx_word' id='word_1_316' title='bbox 852 3326 988 3398; x_wconf 86' lang='lat' dir='ltr'>excludo,</span> <span class='ocrx_word' id='word_1_317' title='bbox 1009 3328 1179 3407; x_wconf 90' lang='lat' dir='ltr'>redditaque</span> <span class='ocrx_word' id='word_1_318' title='bbox 1194 3349 1278 3392; x_wconf 89' lang='lat' dir='ltr'>seor-</span> 
     </span>
     <span class='ocr_line' id='line_1_36' title="bbox 173 3409 1007 3473; baseline 0.004 -3"><span class='ocrx_word' id='word_1_319' title='bbox 173 3409 238 3470; x_wconf 85' lang='lat' dir='ltr'>dalo</span> <span class='ocrx_word' id='word_1_320' title='bbox 252 3409 315 3471; x_wconf 81' lang='lat' dir='ltr'>vice</span> <span class='ocrx_word' id='word_1_321' title='bbox 331 3411 395 3473; x_wconf 91' lang='lat' dir='ltr'>sine</span> <span class='ocrx_word' id='word_1_322' title='bbox 411 3411 525 3472; x_wconf 91' lang='lat' dir='ltr'>aemulo</span> <span class='ocrx_word' id='word_1_323' title='bbox 539 3410 646 3471; x_wconf 91' lang='lat' dir='ltr'>scilicet</span> <span class='ocrx_word' id='word_1_324' title='bbox 659 3416 688 3469; x_wconf 92' lang='lat' dir='ltr'>et</span> <span class='ocrx_word' id='word_1_325' title='bbox 703 3411 773 3472; x_wconf 90' lang='lat' dir='ltr'>cella</span> <span class='ocrx_word' id='word_1_326' title='bbox 789 3420 858 3472; x_wconf 91' lang='lat' dir='ltr'>utor</span> <span class='ocrx_word' id='word_1_327' title='bbox 872 3418 900 3471; x_wconf 90' lang='lat' dir='ltr'>et</span> <span class='ocrx_word' id='word_1_328' title='bbox 914 3418 1007 3473; x_wconf 91' lang='lat' dir='ltr'>nocte.</span> 
     </span>
    </p>

    <p class='ocr_par' dir='ltr' id='par_1_8' title="bbox 74 3494 1278 3750">
     <span class='ocr_line' id='line_1_37' title="bbox 74 3494 1278 3590; baseline 0.005 -34"><span class='ocrx_word' id='word_1_329' title='bbox 74 3567 83 3576; x_wconf 90' lang='lat'><em>.</em></span> <span class='ocrx_word' id='word_1_330' title='bbox 258 3495 375 3557; x_wconf 83' lang='lat' dir='ltr'>interim</span> <span class='ocrx_word' id='word_1_331' title='bbox 398 3504 530 3558; x_wconf 90' lang='lat' dir='ltr'>coctores</span> <span class='ocrx_word' id='word_1_332' title='bbox 551 3494 738 3590; x_wconf 83' lang='lat' dir='ltr'>insulariique</span> <span class='ocrx_word' id='word_1_333' title='bbox 759 3497 888 3558; x_wconf 89' lang='lat' dir='ltr'>mulcant</span> <span class='ocrx_word' id='word_1_334' title='bbox 905 3497 1054 3557; x_wconf 89' lang='lat' dir='ltr'>exclusum</span> <span class='ocrx_word' id='word_1_335' title='bbox 1076 3504 1104 3557; x_wconf 92' lang='lat' dir='ltr'>et</span> <span class='ocrx_word' id='word_1_336' title='bbox 1119 3497 1191 3560; x_wconf 90' lang='lat' dir='ltr'>alius</span> <span class='ocrx_word' id='word_1_337' title='bbox 1205 3518 1278 3562; x_wconf 91' lang='lat' dir='ltr'>veru</span> 
     </span>
     <span class='ocr_line' id='line_1_38' title="bbox 173 3579 1278 3658; baseline 0.005 -17"><span class='ocrx_word' id='word_1_338' title='bbox 173 3579 246 3642; x_wconf 85' lang='lat' dir='ltr'>extis</span> <span class='ocrx_word' id='word_1_339' title='bbox 263 3580 453 3642; x_wconf 89' lang='lat' dir='ltr'>stridentibus</span> <span class='ocrx_word' id='word_1_340' title='bbox 468 3579 611 3658; x_wconf 90' lang='lat' dir='ltr'>plenum</span> <span class='ocrx_word' id='word_1_341' title='bbox 604 3598 634 3640; x_wconf 90' lang='lat' dir='ltr'>m</span> <span class='ocrx_word' id='word_1_342' title='bbox 651 3581 792 3642; x_wconf 90' lang='lat' dir='ltr'>oeulos&#39;</span> <span class='ocrx_word' id='word_1_343' title='bbox 768 3601 830 3643; x_wconf 86' lang='lat' dir='ltr'>erus</span> <span class='ocrx_word' id='word_1_344' title='bbox 841 3582 884 3642; x_wconf 92' lang='lat' dir='ltr'>int</span> <span class='ocrx_word' id='word_1_345' title='bbox 885 3589 964 3643; x_wconf 90' lang='lat' dir='ltr'>entat</span> <span class='ocrx_word' id='word_1_346' title='bbox 922 3583 1059 3656; x_wconf 89' lang='lat' dir='ltr'>tat‚alius</span> <span class='ocrx_word' id='word_1_347' title='bbox 1070 3584 1152 3644; x_wconf 89' lang='lat' dir='ltr'>furca</span> <span class='ocrx_word' id='word_1_348' title='bbox 1164 3585 1200 3645; x_wconf 90' lang='lat' dir='ltr'>de</span> <span class='ocrx_word' id='word_1_349' title='bbox 1213 3605 1278 3646; x_wconf 87' lang='lat' dir='ltr'>car-</span> 
     </span>
     <span class='ocr_line' id='line_1_39' title="bbox 172 3664 1278 3750; baseline 0.005 -24"><span class='ocrx_word' id='word_1_350' title='bbox 172 3666 255 3728; x_wconf 87' lang='lat' dir='ltr'>nario</span> <span class='ocrx_word' id='word_1_351' title='bbox 282 3673 365 3745; x_wconf 85' lang='lat' dir='ltr'>rapta</span> <span class='ocrx_word' id='word_1_352' title='bbox 391 3671 498 3725; x_wconf 85' lang='lat' dir='ltr'>statum</span> <span class='ocrx_word' id='word_1_353' title='bbox 525 3664 693 3742; x_wconf 80' lang='lat' dir='ltr'>proeliantis</span> <span class='ocrx_word' id='word_1_354' title='bbox 722 3667 883 3747; x_wconf 90' lang='lat' dir='ltr'>componit.</span> <span class='ocrx_word' id='word_1_355' title='bbox 919 3685 992 3730; x_wconf 93' lang='lat' dir='ltr'>anus</span> <span class='ocrx_word' id='word_1_356' title='bbox 1015 3669 1172 3749; x_wconf 88' lang='lat' dir='ltr'>praecipue</span> <span class='ocrx_word' id='word_1_357' title='bbox 1190 3670 1278 3750; x_wconf 85' lang='lat' dir='ltr'>lippe,</span> 
     </span>
    </p>
   </div>
   <div class='ocr_carea' id='block_1_3' title="bbox 117 3748 1278 4091">
    <p class='ocr_par' dir='ltr' id='par_1_9' title="bbox 117 3748 1278 4091">
     <span class='ocr_line' id='line_1_40' title="bbox 173 3748 1278 3834; baseline 0.005 -23"><span class='ocrx_word' id='word_1_358' title='bbox 173 3749 377 3811; x_wconf 87' lang='lat' dir='ltr'>sordidissimo</span> <span class='ocrx_word' id='word_1_359' title='bbox 389 3748 555 3827; x_wconf 89' lang='lat' dir='ltr'>praecincta</span> <span class='ocrx_word' id='word_1_360' title='bbox 567 3750 668 3824; x_wconf 88' lang='lat' dir='ltr'>linteo,</span> <span class='ocrx_word' id='word_1_361' title='bbox 682 3753 769 3814; x_wconf 91' lang='lat' dir='ltr'>soleis</span> <span class='ocrx_word' id='word_1_362' title='bbox 781 3753 884 3832; x_wconf 85' lang='lat' dir='ltr'>ligneis</span> <span class='ocrx_word' id='word_1_363' title='bbox 896 3752 1076 3833; x_wconf 91' lang='lat' dir='ltr'>imparibus&#39;</span> <span class='ocrx_word' id='word_1_364' title='bbox 1069 3755 1189 3834; x_wconf 83' lang='lat' dir='ltr'>imposit</span> <span class='ocrx_word' id='word_1_365' title='bbox 1191 3775 1216 3826; x_wconf 86' lang='lat' dir='ltr'>a,</span> <span class='ocrx_word' id='word_1_366' title='bbox 1230 3775 1278 3817; x_wconf 91' lang='lat' dir='ltr'>ca-</span> 
     </span>
     <span class='ocr_line' id='line_1_41' title="bbox 172 3833 1277 3920; baseline 0.006 -24"><span class='ocrx_word' id='word_1_367' title='bbox 172 3852 242 3896; x_wconf 93' lang='lat' dir='ltr'>nem</span> <span class='ocrx_word' id='word_1_368' title='bbox 262 3833 389 3914; x_wconf 83' lang='lat' dir='ltr'>ingentis</span> <span class='ocrx_word' id='word_1_369' title='bbox 412 3843 522 3912; x_wconf 85' lang='lat' dir='ltr'>magnit</span> <span class='ocrx_word' id='word_1_370' title='bbox 502 3835 686 3898; x_wconf 89' lang='lat' dir='ltr'>tudinist</span> <span class='ocrx_word' id='word_1_371' title='bbox 642 3845 686 3898; x_wconf 88' lang='lat' dir='ltr'>cat</span> <span class='ocrx_word' id='word_1_372' title='bbox 688 3845 773 3899; x_wconf 91' lang='lat' dir='ltr'>enat</span> <span class='ocrx_word' id='word_1_373' title='bbox 761 3840 849 3900; x_wconf 90' lang='lat' dir='ltr'>trabit</span> <span class='ocrx_word' id='word_1_374' title='bbox 864 3839 1062 3920; x_wconf 85' lang='lat' dir='ltr'>instigatque</span> <span class='ocrx_word' id='word_1_375' title='bbox 1054 3860 1083 3902; x_wconf 92' lang='lat' dir='ltr'>m</span> <span class='ocrx_word' id='word_1_376' title='bbox 1100 3841 1277 3919; x_wconf 92' lang='lat' dir='ltr'>Eumolpon.</span> 
     </span>
     <span class='ocr_line' id='line_1_42' title="bbox 117 3919 1278 4001; baseline 0.005 -21"><span class='ocrx_word' id='word_1_377' title='bbox 117 3923 157 3986; x_wconf 85' lang='grc'>96</span> <span class='ocrx_word' id='word_1_378' title='bbox 173 3919 226 3981; x_wconf 89' lang='lat' dir='ltr'>sed</span> <span class='ocrx_word' id='word_1_379' title='bbox 240 3919 288 3981; x_wconf 85' lang='lat' dir='ltr'>ille</span> <span class='ocrx_word' id='word_1_380' title='bbox 302 3919 473 3982; x_wconf 90' lang='lat' dir='ltr'>candelabro</span> <span class='ocrx_word' id='word_1_381' title='bbox 495 3939 525 3982; x_wconf 91' lang='lat' dir='ltr'>se</span> <span class='ocrx_word' id='word_1_382' title='bbox 541 3922 577 3984; x_wconf 83' lang='lat' dir='ltr'>ab</span> <span class='ocrx_word' id='word_1_383' title='bbox 593 3923 674 3984; x_wconf 91' lang='lat' dir='ltr'>omni</span> <span class='ocrx_word' id='word_1_384' title='bbox 689 3924 817 4001; x_wconf 90' lang='lat' dir='ltr'>periculo</span> <span class='ocrx_word' id='word_1_385' title='bbox 833 3925 1006 3988; x_wconf 85' lang='lat' dir='ltr'>vindicabat.</span> <span class='ocrx_word' id='word_1_386' title='bbox 1036 3926 1204 3987; x_wconf 90' lang='lat' dir='ltr'>videbamus</span> <span class='ocrx_word' id='word_1_387' title='bbox 1221 3945 1278 3986; x_wconf 91' lang='lat' dir='ltr'>nos</span> 
     </span>
     <span class='ocr_line' id='line_1_43' title="bbox 173 4005 1278 4091; baseline 0.007 -27"><span class='ocrx_word' id='word_1_388' title='bbox 173 4005 272 4067; x_wconf 90' lang='lat' dir='ltr'>omnia</span> <span class='ocrx_word' id='word_1_389' title='bbox 286 4020 341 4086; x_wconf 88' lang='lat' dir='ltr'>per</span> <span class='ocrx_word' id='word_1_390' title='bbox 354 4005 488 4068; x_wconf 90' lang='lat' dir='ltr'>loramen</span> <span class='ocrx_word' id='word_1_391' title='bbox 499 4007 604 4082; x_wconf 88' lang='lat' dir='ltr'>valvae,</span> <span class='ocrx_word' id='word_1_392' title='bbox 620 4010 699 4089; x_wconf 92' lang='lat' dir='ltr'>quod</span> <span class='ocrx_word' id='word_1_393' title='bbox 713 4009 800 4091; x_wconf 92' lang='lat' dir='ltr'>paulo</span> <span class='ocrx_word' id='word_1_394' title='bbox 816 4017 866 4073; x_wconf 94' lang='lat' dir='ltr'>ant</span> <span class='ocrx_word' id='word_1_395' title='bbox 866 4031 883 4072; x_wconf 92' lang='lat' dir='ltr'>e</span> <span class='ocrx_word' id='word_1_396' title='bbox 898 4029 969 4084; x_wconf 88' lang='lat' dir='ltr'>ansa</span> <span class='ocrx_word' id='word_1_397' title='bbox 985 4011 1081 4073; x_wconf 89' lang='lat' dir='ltr'>ostioli</span> <span class='ocrx_word' id='word_1_398' title='bbox 1096 4016 1183 4089; x_wconf 90' lang='lat' dir='ltr'>rupta</span> <span class='ocrx_word' id='word_1_399' title='bbox 1197 4011 1278 4072; x_wconf 91' lang='lat' dir='ltr'>laxa·</span> 
     </span>
    </p>
   </div>
   <div class='ocr_carea' id='block_1_4' title="bbox 0 0 1328 4710">
    <p class='ocr_par' dir='ltr' id='par_1_10' title="bbox 0 0 1328 4710">
     <span class='ocr_line' id='line_1_44' title="bbox 0 0 1328 4710; baseline 0 0"><span class='ocrx_word' id='word_1_400' title='bbox 0 0 1328 4710; x_wconf 95' lang='lat' dir='ltr'> </span> 
     </span>
    </p>
   </div>
  </div>
 </body>
</html>
