2646 4710
529 371 670 427 numana

189 528 301 590 fulmen
315 525 403 588 babet
416 525 519 588 mundi
534 525 687 599 dominus,
701 530 783 586 tenet
796 522 865 587 illud
881 531 994 604 aporte3

231 631 287 675 nec
300 612 385 674 datur
400 630 545 691 aequoreo
560 611 674 672 fuscina
688 616 764 672 tecta
778 610 845 671 deo.

190 717 245 761 nec
259 699 373 759 Mavors
388 697 482 770 illum,
499 714 551 777 per
562 715 649 776 quem
664 695 754 770 valet,
771 695 876 757 occulit
890 712 1016 772 ensema
1070 710 1084 760 5

233 801 288 844 nec
301 782 371 844 latet
384 782 414 843 in
429 781 527 861 tepido
544 780 669 842 Palladis
686 781 768 842 hasta
784 781 860 842 sinu.

190 887 262 931 num
277 868 369 947 pudet
382 875 498 930 auratas
513 866 666 929 Phoebum
682 873 799 945 portare
813 863 955 944 sagittas?

232 954 344 1015 clamne
360 953 434 1014 solet
447 953 615 1032 pharetram
630 952 706 1012 ferre
721 951 810 1012 Diana
825 948 932 1013 suam?

191 1057 264 1100 num
278 1038 350 1117 tegit
364 1038 476 1100 Alcides
492 1039 622 1099 nodosae
636 1036 744 1098 robora
761 1033 876 1098 clavae?

234 1124 288 1186 sub
304 1123 401 1184 tunica
415 1123 526 1202 virgam
541 1141 612 1184 num
629 1123 700 1184 deus
716 1122 774 1183 ales
790 1117 901 1183 habet?
1056 1137 1087 1187 10

192 1209 256 1289 quis
272 1208 419 1270 Bacchum
435 1208 533 1287 gracili
547 1214 657 1269 vestem
672 1207 860 1286 praetendere
874 1206 990 1284 thyrso,

236 1293 300 1374 quis
316 1301 346 1354 te
362 1292 450 1355 celata
466 1290 611 1354 cum'face
624 1293 707 1366 vidit,
722 1289 835 1353 Amor?

192 1396 247 1440 nec
260 1379 332 1439 mihi
348 1379 388 1439 sit
403 1378 527 1450 crimen,
544 1378 622 1457 quod
638 1376 766 1438 mentula
782 1394 899 1455 semper
913 1382 1012 1456 aperta
1028 1382 1086 1437 est:

234 1464 293 1525 hoc
307 1464 379 1526 mihi
396 1463 422 1524 si
436 1464 525 1525 telum
541 1463 630 1536 desit,
646 1462 766 1524 inermis
782 1481 844 1523 ero.

593 1632 619 1692 X

193 1718 391 1781 Insulsissima
407 1717 475 1798 quid
490 1717 583 1796 puella
598 1715 698 1777 rides?

194 1822 254 1868 non
269 1823 317 1865 me
331 1803 488 1864 Praxiteles
505 1804 652 1882 Scopasve
667 1801 751 1874 fecit,

194 1907 248 1951 nec
263 1908 329 1952 sum
344 1888 484 1950 Phidiaca
499 1905 587 1949 manu
603 1887 727 1966 politus3

195 1974 245 2036 sed
259 1975 371 2053 lignum
386 1974 459 2035 rude
473 1973 573 2034 vilicus
590 1971 709 2045 dolavit,

195 2067 224 2120 et
238 2060 309 2121 dixit
322 2059 407 2121 mihi:
419 2050 468 2120 ‘tu
483 2058 605 2137 Priapus
621 2048 707 2117 esto'.

195 2152 308 2224 spectas
324 2163 371 2205 me
385 2151 484 2205 tamen
499 2150 528 2204 et
543 2142 668 2204 subinde
682 2140 775 2202 rides:

196 2230 336 2291 nimirum
350 2229 402 2290 tibi
418 2229 494 2290 salsa
505 2247 552 2288 res
569 2228 681 2288 videtur

196 2315 315 2377 adstans
331 2314 498 2394 inguinibus
515 2313 651 2376 columna
666 2311 785 2372 nostris.

587 2483 627 2544 XI

197 2569 240 2633 Ne
254 2571 409 2650 prendare,
425 2589 499 2631 cave.
529 2586 639 2648 prenso
655 2585 710 2628 nec
723 2567 800 2628 fuste
814 2565 942 2639 nocebo,

241 2674 324 2717 saeva
339 2674 393 2716 nec
408 2655 525 2716 incurva
540 2655 656 2714 vulnera
671 2653 742 2713 falce
757 2651 849 2714 dabo:

196 2741 334 2802 traiectus
350 2747 438 2802 conto
455 2740 496 2800 sic
511 2739 665 2800 extendere
679 2737 789 2816 pedali,

239 2833 271 2887 ut
286 2826 383 2887 culum
399 2844 486 2904 rugas
501 2842 562 2885 non
577 2824 715 2886 habuisse
730 2829 824 2902 putes.

583 2993 636 3055 Xll

199 3079 348 3154 Quaedam
365 3079 461 3141 iunior
472 3079 607 3141 Hectoris
622 3088 758 3158 parente,

200 3165 341 3227 Cumaeae
357 3184 459 3240 soror,
473 3174 506 3226 ut
520 3172 607 3244 puto,
621 3164 760 3243 Sibyllae,

199 3251 325 3331 aequalis
340 3249 405 3321 tibi,
422 3269 509 3330 quam
525 3250 646 3311 domum
663 3256 811 3309 revertens
919 3258 927 3272 ·

199 3334 331 3398 Theseus
345 3336 475 3414 repperit
489 3335 519 3394 in
533 3353 606 3413 rogo
621 3333 775 3406 iacentem,

198 3421 313 3483 infirmo
331 3421 405 3482 solet
412 3420 477 3481 buo
491 3420 582 3499 gradu
597 3419 695 3480 venire

198 3525 380 3586 rugosasque
395 3524 499 3566 manus
516 3503 551 3565 ad
567 3511 644 3566 astra
658 3504 776 3578 tollens,

199 3608 236 3652 ne
252 3592 328 3652 desit
342 3590 410 3665 sibi,
425 3590 583 3652 mentulam
599 3608 711 3668 rogare.

198 3677 336 3737 hesterna
351 3695 468 3756 quoque
483 3677 546 3737 luce
557 3675 626 3736 dum
642 3681 789 3755 precatur,

201 3762 318 3822 dentem
333 3762 369 3822 de
383 3761 476 3822 tribus
493 3761 636 3822 excreauit
650 3777 753 3821 unum.

195 3837 293 3907 ‘tolle’
310 3847 429 3926 inquam
441 3837 560 3925 ‘procul
576 3865 610 3906 ac
624 3845 690 3905 iube
704 3844 792 3905 latere
1064 3857 1094 3906 10

200 3931 292 3992 scissa
308 3932 362 3992 sub
377 3931 475 3992 tunica
491 3931 622 4009 stolaque
635 3930 714 4003 ruia,

200 4024 233 4079 ut
247 4035 365 4098 semper
380 4017 470 4089 solet,
483 4023 512 4077 et
525 4016 629 4078 timere
643 4015 752 4087 lucem,
791 4071 798 4082 „
