2646 4710
546 362 687 417 SATIRAE
886 443 887 449 1
1125 367 1165 428 57

60 512 233 585 torlabitur.³
258 511 304 582 ut
318 510 401 581 scias³
413 519 493 597 inqui
494 510 701 596 t‘Eumolpus
704 538 806 579 verum
819 538 894 592 esse,
911 521 990 598 quod
1003 520 1084 592 dicia,
1101 537 1167 580 ecce

60 607 150 669 etiam
167 606 291 666 osculo
284 624 356 666 iram
372 606 451 665 finio.
479 605 584 682 itaque,
602 605 681 681 quod
697 604 769 664 hene
784 604 909 678 eveniat,
929 605 1060 684 expedite
1075 605 1167 666 sarci-

59 692 146 754 nulas
162 698 191 751 et
204 691 250 750 vel
265 689 421 834 sequimini
436 708 483 749 me
498 690 550 761 vel,
566 708 592 749 ιι
584 688 757 762 mavultis,
774 681 885 750 ducite
917 691 1012 751 adhuc
1025 690 1167 768 loqueba-

59 784 124 847 tur,
147 794 215 837 cum
232 775 344 854 crepuit
359 794 392 834 os
394 777 468 834 tium
474 773 658 876 impulsum,
675 775 754 835 ιιιιιι
720 782 811 853 itque
826 794 856 835 in
870 775 969 835 limine
983 775 1080 835 barbis
1095 775 1167 834 hor·

58 860 200 962 ¹rentibus³
210 867 345 921 nautaet
355 849 510 919 ‘moraris'
530 859 623 937 inquit
638 851 810 955 Eumolpe,
830 868 966 937 tanquam
986 859 1166 938 propudium

58 936 200 1026 iguoccs'
230 944 306 1005 haud
327 963 425 1014 mora,
448 961 551 1004 omnes
572 943 793 1023 consurgimus,
818 953 847 1005 ιι
865 944 1028 1022 Eumolpus
1048 944 1166 1023 quidem

60 1031 296 1115 mercennarium
309 1047 394 1089 suum
408 1030 464 1088 iam
478 1029 546 1089 olim
559 1028 706 1089 dormient
694 1038 752 1089 tem
768 1029 845 1090 exire
861 1047 926 1090 cum
943 1029 1063 1090 sarcinis
1078 1028 1166 1088 iubet.

60 1109 116 1195 ego
132 1134 198 1176 cum
215 1114 321 1175 Gitone
335 1113 470 1197 quicquid
486 1121 547 1174 erat
554 1161 561 1186 ,
577 1114 607 1173 in
623 1114 660 1174 alt
649 1122 694 1174 ter
709 1132 857 1193 compono
874 1121 903 1174 et
918 1115 1028 1175 ιιιοιιι
1007 1120 1046 1175 ιιι
1062 1113 1166 1174 sideri·

60 1200 120 1263 bus
132 1200 211 1261 intro
226 1199 373 1277 navigium

600 1294 620 1333 ιι

144 1359 315 1430 ‘molestum
331 1377 377 1428 est
390 1370 470 1447 quod
486 1388 559 1448 puer
570 1368 680 1446 hospiti
693 1368 793 1445 placet.
817 1368 885 1447 quid
897 1375 993 1430 autem
1008 1387 1070 1429 non
1082 1387 1164 1429 com-
1176 1365 1235 1427 100

59 1471 153 1517 mune
164 1460 209 1514 est
220 1454 298 1533 quod
311 1461 414 1514 natura
427 1454 572 1533 optimum
584 1450 704 1515 fecerit?
725 1455 770 1513 sol
782 1454 919 1514 omnibus
931 1455 1016 1515 lucet.
1038 1455 1105 1514 luna
1118 1455 1166 1513 in-

59 1539 292 1601 numerabilibus
305 1539 441 1599 comitata
454 1540 600 1600 sideribus
612 1539 698 1599 etiam
709 1538 785 1600 feras
797 1539 878 1599 ducit
888 1539 922 1600 ad
935 1539 1081 1618 pabulum.
1098 1538 1167 1618 quid

61 1624 146 1703 aquis
162 1623 220 1685 dici
233 1624 393 1684 formosius
410 1621 530 1702 potest?
560 1625 590 1684 in
605 1623 720 1720 publico
736 1631 832 1684 tamen
844 1630 972 1685 manant.
1003 1625 1084 1685 solus
1096 1642 1166 1701 ergo

61 1727 147 1770 amoc
165 1709 278 1770 lurtum
298 1708 396 1805 potius
417 1728 503 1787 quam
524 1710 686 1787 praemium
707 1706 820 1769 erit?
813 1729 904 1769 immo
925 1727 993 1770 vero
1015 1710 1083 1770 nolo
1110 1710 1167 1769 ha-

61 1793 234 1866 berebona,
249 1794 306 1855 nisi
322 1795 427 1872 quibus
443 1796 570 1872 populus
586 1794 727 1855 inviderit.
707 1802 848 1867 tunm,
870 1803 898 1855 ιι
913 1813 1015 1866 senex,
1037 1812 1097 1854 non
1114 1795 1168 1854 ιιιι

62 1878 174 1957 gravis3
195 1879 280 1940 etiam
302 1897 367 1939 cum
388 1880 511 1939 voluerit
499 1880 631 1957 taliquid
649 1898 779 1951 sumere,
800 1898 876 1958 opus
897 1880 1024 1940 anhelitu
1044 1870 1168 1958 prodet.³

61 1964 134 2025 haec
149 1971 182 2024 ut
192 1963 268 2024 infra
280 1964 414 2024 fiduciam
426 1983 512 2043 posui
505 1964 710 2042 'fraudavique
723 1964 852 2024 animum
865 1964 1009 2025 dissident
997 1971 1067 2038 tem,
1084 1964 1167 2043 coepi

62 2065 202 2110 somnum
219 2048 325 2109 obruto
340 2049 465 2110 tunicula
482 2049 558 2128 capit
560 2070 575 2109 e
590 2058 670 2110 ιιιιιιι
671 2049 715 2109 ιιι.

148 2134 200 2195 sed
219 2142 340 2213 repente
356 2134 437 2212 qnasi
454 2135 518 2195 dest
506 2142 620 2195 truente
634 2135 694 2195 fort
682 2141 752 2195 tuna
768 2134 960 2195 constantiam
977 2152 1074 2195 meam
1089 2133 1166 2193 eius-

62 2218 144 2279 modi
164 2237 221 2280 vox
242 2237 332 2298 supra
347 2226 527 2280 constratum
543 2220 651 2299 puppis
668 2220 848 2297 congemuit:
882 2238 951 2298 ergo
967 2238 1015 2279 me
1030 2209 1167 2279 derisit?³

63 2310 91 2363 ιι
104 2303 176 2364 haec
191 2303 308 2382 quidem
324 2303 457 2364 virilist
428 2312 457 2364 ιι
471 2323 562 2383 paene
577 2305 695 2365 auribus
710 2305 783 2364 meis
797 2305 946 2365 familiaris
962 2305 1091 2365 animum
1104 2304 1167 2382 pal-

60 2388 203 2466 pitantem
229 2389 384 2467 percussit.
422 2397 547 2450 ceterum
575 2391 676 2450 eadem
703 2390 901 2491 indignatione
923 2390 1167 2450 mulierlacerata

63 2473 184 2534 ιιιιιιιιιι
200 2473 353 2534 excanduit
341 2465 418 2534 tet‘
421 2476 445 2534 si
462 2476 526 2553 quis
545 2475 615 2535 deus
633 2474 768 2535 manibus
782 2465 861 2535 meis³
875 2474 970 2552 inquit
958 2465 1117 2534 t‘'Gitona
1110 2492 1166 2532 nn-

64 2566 195 2637 poneret
209 2577 296 2636 quam
311 2558 384 2618 bene
399 2560 511 2619 exulem
527 2552 708 2657 exciperem.
733 2568 854 2639 uterque
865 2566 1000 2619 nostrum
1012 2565 1071 2618 tam
1083 2559 1167 2618 inex-

63 2650 177 2720 pectato
193 2644 268 2705 ictus
281 2662 355 2703 sono
368 2644 504 2705 amiserat
515 2647 695 2722 sanguinem
718 2663 772 2723 ego
785 2645 941 2725 praecipue
953 2643 1035 2723 quasi
1049 2644 1166 2703 somnio

64 2728 190 2806 quodam
209 2728 377 2789 turbulento
347 2729 554 2790 tocircumact
556 2748 589 2789 us
542 2730 662 2790 tdiu
676 2748 777 2789 vocem
795 2729 894 2807 collegi
909 2727 1167 2830 tremebundisque

64 2813 198 2874 manibus
213 2812 374 2914 Eumolpi
366 2833 422 2873 ram
439 2816 469 2874 in
485 2834 624 2892 soporem
640 2814 760 2875 labentis
777 2814 909 2874 laciniam
930 2814 997 2874 duxi
1012 2803 1061 2872 et‘
1064 2832 1116 2892 per
1130 2814 1166 2873 ιι

64 2888 161 2959 dem³
153 2915 272 2976 inquam
284 2889 387 2977 pater,
403 2918 485 2959 cuius
498 2899 716 2960 haecnaus
671 2906 724 2970 ιι
739 2907 789 2959 aut
801 2918 876 3001 quos
888 2899 984 2970 veha
1001 2897 1095 2959 dicere
1110 2917 1167 2977 po

64 2974 142 3042 ιιι
170 2983 347 3061 inquietatus
368 2984 414 3043 ille
433 2986 555 3045 moleste
575 2985 683 3045 tulitet
698 2947 771 3044 ‘boc
791 2976 863 3045 erat³
885 2985 981 3062 inquit
991 2975 1088 3080 ‘quod
1105 2985 1167 3062 pla-

64 3074 161 3129 cuerat
149 3067 241 3141 ttibi,
264 3076 399 3147 utsupra
416 3077 597 3131 constratum
614 3070 694 3130 navis
710 3088 922 3148 occuparemus
938 3069 1167 3129 secretissimum

63 3151 174 3224 locum,
193 3171 231 3213 ne
251 3171 307 3213 nos
323 3153 463 3232 patereris
477 3153 684 3250 requiescere?
714 3155 781 3233 quid
797 3172 888 3232 porro
901 3156 936 3215 ad
953 3173 1016 3214 rem
1033 3162 1098 3250 pert
1086 3153 1167 3225 tinet,

60 3237 86 3297 ιι
106 3237 207 3297 dixero
227 3237 345 3299 Licham
367 3239 557 3300 Tarentinum
577 3258 642 3299 esse
663 3239 816 3299 dominum
837 3239 958 3299 huiusce
977 3237 1095 3316 nauigii,
1116 3237 1166 3316 qui

58 3322 265 3401 Tryphaenam
286 3324 398 3384 exulem
416 3325 524 3385 l'arent
512 3333 573 3385 tum
593 3315 702 3384 feratl³
732 3323 869 3423 intrempi
890 3324 1035 3402 posthoc
1055 3323 1234 3387 fulmenllll

57 3407 203 3467 attonitus
207 3408 383 3486 iuguloque
395 3410 506 3469 detec
476 3398 714 3486 t‘aliquando³'
707 3425 825 3485 mquam
838 3398 894 3468 rot
894 3427 944 3468 unr
956 3427 1011 3480 me,
1027 3409 1099 3468 Eort
1087 3415 1165 3480 t,una

60 3482 177 3552 vicisti’.
207 3509 276 3552 nam
299 3493 347 3553 Git
335 3501 387 3553 ton
410 3494 526 3572 quidem
549 3510 637 3572 super
656 3500 756 3589 pectus
778 3510 875 3552 meum
894 3492 977 3588 posit
978 3512 1013 3552 us
965 3492 1085 3552 tdiu
1103 3493 1167 3552 ani-

65 3594 141 3637 nam
162 3578 228 3655 egit.
260 3577 363 3638 deinde
386 3586 418 3639 ut
437 3579 547 3639 ellusus
568 3579 711 3639 sudort
678 3579 830 3680 utriusque
856 3577 1007 3680 spiritum
1014 3579 1167 3649 revocavit,

47 3710 49 3714 .
65 3661 272 3757 mmprehendi
281 3663 414 3742 Eumolpi
427 3682 518 3741 genua
532 3670 560 3724 e
567 3654 725 3724 miserere³
734 3663 852 3740 inquam
860 3655 1059 3723 morientium
1073 3668 1101 3722 et
1112 3680 1166 3740 pro

65 3745 215 3807 consortio
232 3748 395 3808 studiorum
413 3750 569 3809 commoda
585 3766 714 3808 manum
745 3766 827 3807 mors
842 3747 920 3808 venit
922 3766 1028 3825 ,quae
1043 3746 1100 3806 nisi
1115 3766 1168 3844 per

59 3837 88 3897 ιι
102 3830 257 3903 nonlicet
272 3840 451 3912 potestesse
465 3853 520 3913 pro
536 3823 675 3894 munere.³
704 3832 826 3892 inundat
814 3840 862 3892 tus
878 3832 1128 3911 hachmolpus
1121 3850 1167 3891 ιιι-

65 3917 137 3977 ιιιιιι
152 3915 229 3977 iurat
243 3935 296 3995 per
311 3919 381 3979 deos
397 3919 523 3996 deasque
535 3938 567 3978 se
578 3937 672 3996 neque
685 3917 760 3978 scire
772 3917 839 3993 quid
853 3917 995 3989 acciderit,
976 3925 1065 3977 tneo
1076 3917 1166 3976 ullum

66 4001 163 4061 colum
183 4001 292 4073 malum
314 4002 435 4064 consilio
452 4003 630 4077 adhibuisse,
646 4002 697 4063 sed
712 4009 793 4061 ment
794 4020 809 4061 e
826 4001 1043 4080 simplicissima
1058 4009 1086 4062 et
1100 4020 1167 4062 vera
