2646 4710
172 358 213 421 52
525 307 537 329 (
642 354 799 407 ιιιιιιιιιιιι

170 509 294 570 brosum
310 516 340 571 et
354 508 508 571 sordidum
524 526 677 587 egressum
693 508 813 569 extraho
830 505 934 566 Gitona
949 506 1112 585 raptimque
1127 508 1157 566 in
1173 507 1273 586 hospi-

171 595 244 656 tium
266 614 362 657 meum
383 594 513 674 pervolo.
543 594 703 673 praeclusis
724 593 827 653 deinde
846 592 958 671 foribus
974 593 1079 652 invado
1094 600 1198 671 pectus
1214 610 1273 652 am·

171 680 303 759 plexibus
324 686 352 740 e
370 679 524 776 perfusum
545 697 578 738 os
598 679 726 741 lacrimis
746 679 825 738 vultu
848 697 914 737 meo
936 684 1066 737 contero.
1097 677 1148 736 diu
1174 695 1273 738 vocem

171 765 295 827 neuter
287 766 410 838 invenit3
430 784 498 826 nam
519 783 591 866 puer
612 764 698 824 etiam
719 762 893 866 singultibus
911 763 1019 823 crebris
1036 762 1160 822 amabile
1175 770 1243 841 pect
1243 780 1274 822 us

172 856 369 929 quassaverat.
348 840 595 910 t‘ofacinus''
587 867 706 928 mquam
719 839 902 943 ‘indignum
924 848 1003 925 quod
1020 866 1086 907 amo
1102 848 1274 926 tequamvis

170 935 303 1006 relicus
324 942 353 996 et
367 953 396 994 m
412 935 470 995 hoo
484 942 618 1014 pectore
640 953 707 994 cnm
724 933 850 994 vulnus
842 950 945 1010 ingens
960 932 1063 1004 fuerit,
1084 933 1202 993 cicatrix
1218 950 1274 993 non

171 1026 224 1080 est.
242 1021 329 1122 quid
349 1019 433 1091 dieis,
460 1020 606 1116 peregrini
626 1019 736 1080 amoris
757 1015 931 1078 concessio?
966 1014 1071 1095 dignus
1092 1018 1180 1078 hac
1172 1018 1274 1079 iniuria

171 1096 251 1165 tuit’
281 1110 439 1201 postquam
456 1123 487 1164 se
502 1105 592 1165 amari
609 1105 715 1175 sensit,
731 1103 918 1182 supercilium
934 1102 1018 1162 altius
1034 1111 1099 1163 sust
1087 1103 1152 1164 tulit

712 1199 732 1238 ιι

252 1265 323 1334 ‘nec
344 1273 454 1333 amoris
477 1263 574 1334 arbit'
539 1279 627 1333 trium
651 1274 687 1333 ad
711 1272 798 1334 alium
821 1271 947 1332 indicem
970 1272 1031 1332 tuli.
1066 1272 1117 1332 sed
1132 1270 1228 1332 nihil
1220 1290 1273 1333 ram

173 1376 289 1436 queror,
305 1358 394 1418 nibil
387 1377 445 1418 ram
457 1359 586 1432 memini,
603 1377 627 1418 si
620 1358 715 1418 bona
728 1359 784 1417 fide
796 1358 883 1436 poeni
886 1357 1005 1417 tentiam
1018 1348 1175 1417 emendas'.
1207 1357 1275 1417 haee

172 1461 238 1544 cuqr
253 1444 329 1503 inter
344 1443 468 1544 gemitus
480 1443 677 1545 lacrimasque
690 1442 847 1517 fudissem,
870 1443 989 1503 detersit
1004 1443 1048 1502 ille
1063 1442 1149 1521 pallio
1165 1442 1227 1501 vult
1215 1451 1275 1502 tum

172 1518 226 1588 et‘
233 1547 343 1606 quaeso
348 1521 469 1607 'inquit
480 1520 632 1606 ‘Encolpi,
654 1529 742 1588 fidem
763 1528 923 1587 memoriae
942 1535 1008 1589 tuae
1029 1527 1157 1606 appello:
1179 1536 1275 1606 egote

170 1613 282 1691 reliqui
298 1619 381 1673 antu
397 1632 443 1672 me
459 1609 638 1690 prodidisti?
668 1613 801 1690 equidem
817 1611 955 1672 fatteore
970 1632 1038 1691 prae
1053 1631 1100 1672 me
1113 1613 1192 1672 fero
1210 1632 1273 1673 cum

172 1698 247 1757 duos
269 1705 364 1758 armat
365 1716 400 1757 os
423 1697 561 1794 viderem,
582 1699 618 1758 ad
633 1697 786 1757 fortiorem
807 1689 944 1774 osmugi?
973 1698 1122 1758 exosculat
1111 1705 1158 1758 tus
1173 1707 1273 1776 pectus

172 1781 313 1860 sapientia
338 1782 483 1861 plenum
477 1783 560 1843 inieci
581 1782 741 1844 cervicibus
762 1801 882 1855 manuS,
904 1790 932 1842 et
954 1791 985 1843 ut
1003 1783 1113 1843 facile
1106 1790 1149 1842 mt
1137 1783 1275 1860 telligeret

170 1866 283 1927 redisse
302 1867 394 1926 mein
409 1867 530 1944 gratiam
545 1874 574 1928 et
590 1868 701 1946 optima
716 1868 773 1928 fide
788 1868 1006 1928 reviviscentem
1022 1868 1191 1941 amicitiam,
1212 1875 1273 1928 toto

170 1960 290 2031 pectore
305 1951 454 2012 adstrinxi.

254 2044 283 2097 et
297 2036 353 2097 iam
369 2037 453 2133 plena
467 2055 526 2097 nox
542 2044 603 2097 erat
614 2036 776 2132 mulierque
788 2055 875 2097 cenae
887 2038 1021 2098 mandata
1034 2046 1192 2110 curaverat
1209 2055 1273 2098 cum

169 2121 333 2199 Eumolpus
354 2122 463 2182 ostium
483 2123 590 2200 pulsat.
628 2121 776 2199 interrogo
797 2141 863 2200 ego:
884 2112 973 2218 ‘quot
993 2130 1037 2183 est
1026 2114 1097 2183 tis?
1124 2123 1274 2202 obiterque

169 2224 222 2284 per
241 2207 348 2266 rimam
366 2205 440 2266 foris
461 2205 604 2284 speculari
625 2207 847 2284 diligentissime
868 2207 964 2287 coepi,
979 2224 1050 2268 num
1065 2208 1201 2286 Ascyltos
1220 2225 1274 2269 una

169 2290 305 2351 venisset.
335 2290 453 2350 demum
469 2298 501 2350 ut
516 2291 613 2351 solum
629 2290 776 2369 hospitem
792 2292 864 2364 vidi,
880 2301 1014 2352 moment
1016 2312 1033 2352 o
1048 2294 1153 2372 recepi
1183 2293 1275 2354 illeut

170 2393 202 2435 se
221 2375 252 2434 in
271 2375 425 2475 grabatum
445 2375 544 2436 reiecit
532 2375 633 2436 tvidit
622 2383 691 2476 tque
707 2376 834 2435 Gitona
827 2394 856 2436 m
874 2386 1013 2457 conspect
1015 2397 1033 2439 u
1048 2378 1272 2447 ministrantem,

169 2459 261 2519 movit
276 2467 363 2538 caput
350 2467 409 2520 tet
416 2450 554 2520 ‘laud0''
547 2460 642 2555 mqnit
652 2452 869 2557 Ganymedem.
901 2472 989 2541 opor
977 2470 1018 2523 et
1032 2463 1119 2523 hodie
1130 2464 1204 2524 bene
1219 2453 1272 2524 sit

168 2561 230 2604 uon
245 2544 394 2605 delectavit
409 2553 530 2605 metam
547 2545 696 2606 curiosum
712 2546 887 2625 principium
903 2549 1053 2626 timuique‚
1070 2566 1106 2608 ne
1121 2549 1151 2607 in
1168 2556 1274 2608 contu-

169 2629 303 2690 bernium
323 2629 501 2708 recepissem
517 2631 622 2733 Ascylti
642 2650 752 2733 parem.
782 2633 872 2692 instat
886 2633 1059 2712 Eumolpus,
1075 2640 1103 2693 et
1118 2652 1183 2693 cum
1188 2649 1274 2734 puer

167 2713 275 2775 illit
222 2733 261 2793 po
263 2719 374 2774 renem
390 2715 533 2788 dedisse
550 2708 645 2777 malo
660 2708 702 2776 te
718 2716 812 2794 inquit
823 2708 1198 2819 ‘qutambalneumtoum'
1216 2719 1272 2778 sic-

169 2806 291 2878 catoque
310 2799 393 2859 avide
413 2801 521 2900 poculo
542 2809 628 2879 negat
616 2802 703 2862 tsibi
724 2820 853 2897 unquam
874 2802 994 2863 acidius
1004 2795 1141 2863 fuisse‘
1149 2821 1219 2862 nam
1246 2811 1274 2863 et

169 2883 238 2944 dum
254 2874 346 2943 lavor'
363 2884 402 2969 ait
430 2904 521 2962 paene
538 2887 682 2964 vapulavi,
706 2887 772 2964 quia
788 2894 875 2946 conat
876 2905 911 2946 us
928 2905 993 2946 sum
1011 2887 1085 2946 circa
1101 2887 1209 2947 solium
1225 2906 1272 2947 se-

167 2967 302 3027 dentibus
319 2964 437 3029 carmen
451 2969 582 3043 recitare,
599 2980 628 3032 et
642 2979 799 3049 postquam
816 2972 851 3030 de
865 2971 967 3030 balneo
984 2979 1122 3047 tanquam
1139 2972 1173 3031 de
1189 2974 1272 3034 thea-

166 3059 212 3112 tro
229 3051 338 3114 ciectus
354 3072 429 3128 sum,
446 3055 567 3116 circuire
583 3075 686 3116 omnes
702 3054 824 3131 angulos
842 3055 925 3133 coepi
942 3062 970 3115 et
958 3055 1061 3116 ctlara
1077 3075 1147 3116 voce
1162 3058 1271 3119 Encol-

166 3137 237 3215 pion
253 3137 406 3199 clamitare.
438 3159 472 3199 ex
488 3140 528 3201 alt
516 3148 576 3201 tera
591 3147 673 3219 parte
688 3138 800 3199 iuvenis
816 3140 929 3213 nudus
951 3140 1000 3218 qui
1015 3149 1078 3200 vest
1079 3141 1186 3202 imenta
1198 3163 1272 3291 tper-

83 3239 86 3243 ’
167 3221 285 3294 diderat
266 3229 361 3283 tnon
378 3223 493 3285 minore
511 3225 645 3286 clamoris
660 3223 859 3301 indignatione
875 3225 980 3286 Gitona
995 3226 1196 3304 flagitabate

167 3306 282 3385 quidem
304 3309 387 3385 pueri
406 3317 545 3388 atnquam
565 3310 703 3370 insanum
723 3308 803 3369 imita
788 3309 884 3371 atione
906 3317 956 3390 pet
944 3311 1143 3372 tulantissima
1159 3313 1270 3375 derise-

166 3398 249 3464 runt,
265 3391 345 3452 dlum
361 3402 457 3454 autem
472 3394 658 3472 frequentia
650 3412 752 3472 ingens
769 3394 956 3456 circumvenit
971 3416 1036 3456 cum
1052 3397 1156 3475 plausu
1172 3406 1201 3458 et
1216 3400 1271 3459 ad-

166 3476 320 3537 miratione
335 3478 529 3539 timidissima.
553 3478 676 3538 habebat
690 3480 768 3538 enim
784 3480 937 3559 inguinum
949 3482 1066 3576 pondus
1079 3490 1138 3542 tam
1152 3485 1269 3559 grande,

164 3561 314 3640 utipsum
336 3563 485 3623 hominem
506 3562 639 3622 laciniam
658 3562 761 3625 fascini
782 3567 973 3627 credereso
957 3567 1123 3626 oinvenem
1138 3569 1269 3628 laborio-

164 3664 246 3707 sum:
267 3654 339 3726 puto
360 3647 440 3707 illum
462 3645 583 3724 pridie
576 3647 714 3727 incipere,
737 3657 807 3727 post
807 3669 857 3710 ero
879 3652 925 3711 die
940 3651 1084 3712 liniret
1062 3651 1185 3731 itaques
1187 3654 1269 3713 tatim

165 3730 276 3791 invenit
290 3731 442 3804 auxilium;
464 3731 564 3792 nescio
581 3733 646 3811 quis
663 3735 754 3806 enim,
776 3753 863 3812 eques
879 3737 1029 3797 Romanus
1046 3745 1079 3796 nt
1093 3738 1229 3799 aiebant
1196 3746 1269 3798 t-rn

164 3814 264 3888 famis,
284 3833 337 3877 sua
359 3821 439 3876 veste
459 3824 557 3877 errant
558 3837 604 3878 em
621 3819 810 3880 circumdedit
799 3828 864 3880 tac
879 3821 1000 3881 domum
1016 3822 1149 3894 abduxit,
1123 3825 1268 3897 otredo,

164 3906 269 3961 uttam
285 3918 388 3977 magna
403 3901 521 3963 fortuna
537 3903 618 3966 solus
634 3912 772 3965 uteretur.
802 3912 831 3965 at
846 3925 900 3984 ego
916 3925 952 3967 ne
967 3927 1032 3969 mea
1047 3908 1163 3985 quidem
1180 3909 1268 3969 vesti-

162 3992 259 4046 menta
278 3985 313 4047 ab
335 3986 469 4048 officioso
486 3988 678 4068 recepissem,
698 3989 754 4051 nisi
770 3997 905 4052 notorem
921 3993 1077 4054 dedissem.
1107 3997 1188 4053 tanto
1205 4013 1266 4055 ma-
