2646 4710
571 376 714 430 euterun

232 541 265 596 ut
279 532 398 593 Phoebo
414 539 482 611 puta
499 532 614 611 filioque
629 533 752 606 Phoebi,

233 626 363 681 curatum
379 619 448 678 dare
464 618 622 679 mentulam
639 618 765 679 verebar.

231 705 299 765 lruic
315 703 387 764 diri:
400 696 455 763 ‘fer
471 722 572 782 opem,
589 703 706 783 Priape,
724 705 814 782 parti,

232 789 314 850 ouius
329 796 376 862 tu,
393 796 488 866 pater,
504 788 567 867 ipse
582 807 651 868 pars
667 789 786 849 videris:

232 894 287 954 qna
304 875 379 934 salva
395 874 458 933 sine
474 873 603 933 sectione
617 874 691 934 facta

231 967 356 1038 ponetur
370 959 423 1019 tibi
439 959 529 1036 picta,
546 978 633 1036 quam
649 958 765 1030 levaris,

234 1061 356 1122 compar
371 1043 588 1123 consimilisque
604 1036 816 1122 concolorque.'

233 1129 370 1209 promisit
384 1129 448 1189 fore
463 1129 680 1206 mentulamque
695 1130 787 1188 movit

232 1232 286 1293 pro
302 1222 376 1303 nutu
392 1215 463 1275 deus
480 1220 508 1274 et
522 1221 621 1292 rogata
637 1213 714 1273 fecit.

234 1481 410 1560 Simpliciter
426 1481 477 1541 tibi
493 1501 554 1552 me,
571 1482 766 1561 quodcunque
782 1488 839 1552 θεῖ,
855 1480 949 1542 dicere
967 1490 1095 1560 oportet,

274 1575 377 1627 natura
393 1574 437 1626 est
453 1567 591 1645 qnoniam
607 1586 723 1645 semper
738 1573 835 1646 aperta
852 1566 937 1627 mihi:

233 1651 366 1732 pedicare
381 1652 462 1723 volo,
479 1659 510 1713 tu
525 1652 567 1712 vis
581 1652 734 1731 decerpere
749 1670 852 1730 poma3

275 1737 352 1815 quod
369 1743 450 1816 peto,
468 1738 492 1796 si
509 1737 639 1811 dederis,
656 1738 734 1816 quod
751 1737 838 1816 petis,
857 1737 990 1816 accipies.

560 1906 719 1968 XXXVllll

231 2011 336 2069 Forma
353 2009 513 2070 Mercurius
528 2015 627 2088 potest
640 2009 767 2087 placere,

231 2095 326 2154 forma
342 2094 568 2172 conspiciendus
584 2102 630 2155 θεῖ
643 2095 761 2172 Apollo,

231 2180 383 2241 formosus
401 2198 515 2258 quoque
531 2179 659 2258 pingitur
674 2180 803 2259 Lyciam,

231 2264 467 2325 formosissimus
483 2265 615 2325 omnium
632 2272 675 2326 est
690 2265 811 2344 Cupido.

232 2368 279 2409 me
294 2348 392 2427 pulcra
406 2349 500 2410 fateor
516 2369 612 2410 carere
626 2351 736 2422 forma,

231 2453 332 2494 verrem
346 2435 473 2495 mentula
489 2435 631 2496 luculente
648 2443 748 2496 nostra
765 2442 823 2496 est:

232 2519 308 2579 hanc
324 2520 432 2579 mavult
447 2520 502 2579 sibi
519 2538 605 2599 quam
623 2521 693 2580 deos
709 2521 838 2599 priores,

234 2603 258 2663 si
274 2623 329 2682 qua
346 2612 390 2665 est
405 2622 466 2665 non
481 2606 550 2666 fatui
566 2605 661 2684 puella
676 2605 773 2667 cunni.

589 2774 696 2835 XXXX

234 2877 309 2937 Nota
326 2877 493 2938 Suburanas
509 2877 584 2936 inter
600 2877 753 2937 Telethusa
771 2878 895 2956 puellm,

277 2981 362 3040 quae,
380 2971 466 3041 puto,
484 2962 519 3022 de
534 2968 656 3041 quaestu
671 2963 759 3023 libera
774 2964 848 3023 facta
865 2980 919 3023 suo
936 2969 994 3035 est,

235 3047 323 3124 cingit
337 3047 467 3107 inaurata
482 3066 587 3126 penem
602 3047 668 3120 tihi,
684 3055 799 3119 sancte,
815 3066 939 3108 corona:

276 3132 355 3191 hunc
369 3133 501 3210 pathicae
516 3132 624 3193 summi
639 3134 769 3193 numinis
786 3133 879 3193 instar
894 3132 1009 3192 habent.

583 3299 703 3361 XXXXI

234 3403 374 3480 Quisquis
389 3403 499 3463 venerit
514 3403 583 3476 huc,
599 3411 684 3482 poeta
700 3403 749 3464 fiat

234 3496 261 3549 et
276 3507 377 3548 versus
393 3488 464 3548 mihi
481 3489 591 3548 dedicet
603 3489 730 3549 iocosos.

234 3573 282 3652 qui
298 3590 358 3632 non
374 3573 486 3647 fecerit,
501 3574 576 3634 inter
591 3574 720 3635 eruditos

234 3658 429 3720 ficosissimus
446 3659 575 3721 ambulet
587 3666 699 3738 poetas.

583 3842 717 3904 XXXXII

236 3945 340 4006 Laetus
357 3945 539 4022 Aristagoras
555 3945 629 4005 natis
645 3945 718 4004 bene
734 3943 833 4006 vilicus
846 3944 908 4006 uris

277 4029 313 4091 de
329 4049 392 4092 cera
407 4030 481 4092 facta
497 4031 545 4093 dat
559 4030 611 4091 tibi
626 4049 727 4112 poma,
743 4029 823 4092 deus.
