2646 4710
171 353 212 416 48
647 347 804 401 rnrnonn

172 524 224 566 sus
247 505 435 566 simulantem
459 504 571 583 aliquot
591 504 710 565 basiolis
734 503 833 565 invasi.
872 510 1027 564 contentus
1049 504 1107 563 hoc
1132 502 1273 582 principio

171 592 247 652 bene
263 610 349 652 mane
365 609 478 651 surrexi
471 589 675 686 electumque
691 609 744 669 333
760 589 961 650 columbarum
978 588 1058 649 atuh
1071 589 1234 667 expectanti
1246 607 1274 650 33

116 673 156 735 86
173 696 219 737 me
235 684 302 737 voto
319 676 420 736 exolvi.
450 676 584 778 proxima
604 683 674 735 noct
675 695 690 736 e
706 695 772 736 cum
788 675 865 735 idern
880 675 978 735 liceret
966 682 1065 749 t,tmu
1067 675 1108 734 avi
1127 673 1273 754 optionem

171 754 223 822 33(
241 781 267 821 33
282 752 380 823 hunc
400 752 540 839 inquam‘
557 769 631 821 rac
633 780 718 821 avero
734 761 870 840 improba
885 768 1022 820 manue
1010 759 1082 820 3333
1097 778 1159 820 333
1175 779 1274 820 33333

170 848 216 918 rit,
235 847 324 925 gallos
340 846 511 925 gallinaceos
527 846 763 924 pugnacissimos
776 847 850 906 duos
863 845 980 906 donabo
993 835 1143 941 patienti.D
1173 846 1210 906 ad
1223 847 1275 905 hoc

170 942 220 993 vot
222 952 271 992 um
288 932 418 1010 ephebus
433 931 476 992 ult
464 940 510 992 tro
527 951 559 991 33
574 931 702 992 admovit
690 939 745 991 tet
751 939 854 1010 ,putu
868 930 960 992 vereri
976 931 1080 1009 coepit,
1095 949 1133 990 ne
1149 949 1205 1010 ego
1223 930 1275 991 ob-

171 1017 390 1077 dormiscerem.
421 1016 528 1077 indulsi
544 1035 613 1094 ergo
630 1016 780 1077 sollicitet
768 1025 890 1095 totoque
906 1035 1030 1112 3333333
1046 1016 1118 1076 citra
1130 1035 1273 1077 summam

171 1103 348 1180 voluptatem
368 1122 415 1162 mc
435 1101 616 1180 ingurgitavi.
647 1101 766 1174 deinde,
787 1109 819 1162 ut
840 1103 903 1162 dies
922 1102 1015 1174 venit,
1036 1102 1118 1162 attuli
1139 1102 1275 1198 gaudenti

170 1187 307 1266 quicquid
323 1206 529 1266 promiseram
559 1195 623 1248 333
624 1195 667 1247 er
668 1207 694 1247 33
710 1205 768 1247 nox
783 1187 880 1247 hoen
860 1195 930 1247 ram
946 1187 1037 1260 oen
1013 1194 1228 1248 consurrexr
1221 1186 1274 1248 33

170 1292 269 1333 aurem
291 1273 365 1333 male
384 1272 556 1333 dormientis
577 1284 602 1334 33
617 1263 701 1332 “dii''
721 1272 841 1351 inquam
858 1265 1075 1346 ((333333333333,
1097 1273 1192 1352 siego
1209 1272 1276 1337 huic

171 1359 318 1418 dormient
320 1359 328 1418 3
306 1358 398 1418 tabs
400 1358 492 1419 tulero
514 1359 622 1419 coitum
639 1359 758 1437 plenum
775 1366 804 1418 33
819 1358 986 1437 optabilem,
1003 1377 1058 1437 333
1074 1359 1129 1419 hac
1142 1358 1276 1420 felicitate

171 1463 234 1505 3333
260 1462 353 1523 33333
379 1451 565 1505 asturconem
582 1444 801 1540 Macedonicum
822 1452 879 1545 opt
881 1444 973 1504 imum
992 1443 1118 1517 donabo,
1140 1462 1208 1505 cum
1217 1443 1276 1504 hac

170 1537 269 1590 tamen
289 1536 390 1608 except
392 1529 472 1605 ione,
493 1529 519 1589 33
537 1528 584 1588 3333
605 1547 666 1589 333
687 1529 821 1589 senserit.
874 1546 1024 1608 nunquam
1045 1529 1092 1589 alt
1072 1536 1147 1590 tiore
1168 1547 1274 1589 somno

172 1615 301 1695 ephebus
329 1614 573 1674 obdormivitit
551 1620 648 1692 itaque
674 1614 802 1692 primurn
829 1613 944 1692 implevi
970 1613 1140 1675 lactentibus
1161 1615 1274 1710 papillis

172 1717 293 1772 manus,
315 1719 384 1759 mox
403 1699 486 1759 basio
506 1698 630 1772 inhaesi,
650 1698 780 1760 deinde
773 1717 802 1759 rn
822 1716 914 1760 unum
932 1699 1029 1760 omnia
1045 1707 1111 1760 vota
1127 1699 1273 1761 coniunxi.

171 1803 258 1847 mane
284 1785 385 1845 sedere
411 1785 441 1844 in
467 1784 598 1845 cubiculo
625 1785 723 1863 coepit
748 1793 833 1862 atque
859 1793 1010 1863 expectare
1033 1786 1274 1847 consuetudinem

172 1890 278 1931 meam.
315 1870 387 1942 3333,
415 1878 522 1948 quanto
548 1869 660 1930 facilius
687 1870 725 1930 sit
752 1869 901 1930 columbas
927 1871 1074 1950 gallosque
1100 1871 1273 1950 gallinaceos

172 1975 268 2018 emere
291 1974 376 2034 quam
398 1965 598 2028 asturconem,
621 1963 650 2016 et
669 1962 784 2034 praeter
803 1956 861 2015 hoc
879 1956 964 2016 etiam
984 1955 1138 2030 timebam,
1160 1974 1198 2017 ne
1217 1965 1273 2019 tam

171 2043 278 2120 grande
297 2059 405 2101 munus
426 2049 591 2119 suspectam
612 2042 719 2101 faceret
733 2041 942 2102 humanitatem
959 2060 1062 2101 meam.
1093 2059 1148 2119 ego
1164 2043 1274 2122 aliquot

170 2128 253 2187 horis
273 2127 415 2205 spatiatus
437 2127 467 2186 33
487 2127 647 2204 hospitium
668 2126 773 2186 reverti
792 2127 923 2205 nihilque
944 2127 1021 2187 aliud
1042 2145 1129 2222 quam
1150 2146 1272 2206 puerum

166 2211 288 2314 basiavi3
318 2219 347 2272 33
335 2210 454 2271 33333
409 2212 722 2311 333333333333333333
742 2212 882 2271 cervicem
904 2231 999 2273 meam
1016 2211 1110 2273 iunxit
1130 2213 1272 2293 amplexu,

166 2288 288 2374 “rogo''
303 2294 398 2374 inquit
409 2287 558 2370 (33333333,
573 2296 623 2356 ubi
639 2305 684 2357 333
699 2304 744 2357 333
733 2288 860 2357 turco?”

711 2394 731 2431 ll·

115 2465 155 2526 87
256 2485 322 2527 cum
339 2465 377 2526 ob
393 2468 469 2527 hanc
484 2466 625 2526 offensam
641 2466 863 2544 praeclusissem
877 2467 948 2527 mihi
961 2467 1080 2540 aditum,
1098 2486 1184 2546 quem
1196 2468 1274 2529 fece-

169 2571 246 2626 ram,
273 2554 379 2612 iterum
401 2554 436 2613 ad
458 2552 600 2612 licentiam
622 2552 703 2612 redii.
738 2553 919 2631 interpositis
941 2553 1018 2613 enim
1039 2553 1139 2632 paucis
1163 2553 1273 2625 diebus,

170 2657 235 2699 cum
259 2638 362 2698 similis
383 2656 469 2698 casus
489 2656 544 2698 nos
564 2638 593 2697 in
615 2639 737 2698 eandem
757 2639 906 2699 fortunam
923 2639 1081 2711 retulisset,
1101 2646 1133 2699 ut
1147 2638 1273 2699 intellexi

171 2731 293 2784 stertere
310 2732 438 2802 patrem,
458 2741 560 2802 rogare
577 2723 659 2801 coepi
676 2724 835 2803 ephebum,
851 2731 884 2785 ut
899 2731 1092 2785 reverteretur
1108 2724 1272 2803 ingratiam

169 2828 299 2880 mecum,
319 2809 347 2868 id
368 2817 412 2869 333
432 2818 464 2868 33
479 2816 625 2886 333333333
641 2810 774 2870 satisfieri
792 2810 861 2881 sibi,
882 2817 1019 2870 33333333
1035 2828 1107 2904 qnae
1123 2809 1212 2871 libido
1230 2810 1273 2870 di-

171 2900 267 2953 setnta
287 2892 384 2952 dicat.
415 2894 507 2953 rlle
524 2893 635 2970 plane
627 2901 683 2954 rra
686 2914 719 2954 us
671 2895 810 2953 nrhrl
825 2894 901 2953 ahud
918 2894 1030 2954 diceba
1018 2902 1101 2954 3333
1117 2887 1209 2954 hoc
1211 2887 1273 2956 (333

171 2977 276 3048 dormi,
294 2984 343 3037 aut
358 2995 410 3054 ego
427 2996 484 3036 ram
501 2977 660 3038 dicam
610 2986 660 3054 pa
661 2997 695 3037 rr
706 2970 870 3038 nrhrl
826 2985 870 3037 es
884 2985 944 3039 tam
962 2979 1083 3037 arduum
1093 2981 1272 3074 ,aquodnon

167 3061 339 3141 improbitas
356 3063 628 3158 extorqueatdum
641 3056 742 3121 drcr
756 3070 806 3140 33
806 3081 866 3122 rem
884 3053 1032 3122 exorabo
1035 3081 1163 3142 irrepsi
1175 3073 1273 3126 tamen

169 3155 198 3208 33
212 3148 287 3232 niele
302 3155 466 3226 repugnant
468 3167 476 3207 3
469 3147 630 3226 gaudium
646 3153 693 3206 ext
695 3148 763 3207 orsi.
788 3156 817 3208 33
805 3147 876 3208 33333
891 3166 951 3208 333
964 3109 1118 3208 indelectat
1078 3155 1154 3209 atus
1167 3150 1273 3228 nequi-

167 3233 206 3293 tia
226 3226 305 3306 mea,
325 3241 483 3328 posquam
503 3233 553 3293 <liu
574 3240 694 3311 questus
716 3241 760 3293 est
780 3233 933 3329 deceptum
956 3241 1035 3294 3333
1023 3233 1224 3295 tderisumt
1211 3242 1273 3296 333-

167 3320 237 3379 duc
225 3327 345 3397 umque
365 3326 408 3378 in
405 3337 440 3378 er
466 3318 696 3421 condiscipulos,
726 3318 865 3415 quibus
858 3325 995 3378 racttasse
1017 3337 1149 3379 censum.
1162 3338 1271 3392 meum,

162 3396 317 3464 “viderist
305 3395 418 3464 t”amen
433 3404 528 3483 inquit
560 3422 621 3464 non
637 3423 686 3463 ero
702 3404 874 3465 ursrmrlrs
897 3424 922 3464 33
915 3404 1066 3483 quidvis
1080 3396 1272 3466 luciterum.'’

167 3508 220 3567 ego
242 3509 309 3549 vero
331 3489 464 3586 deposita
448 3489 565 3550 aomni
587 3489 698 3548 offensa
720 3507 786 3549 cum
803 3508 895 3568 puero
912 3490 941 3550 33
958 3489 1077 3567 gratiam
1094 3490 1164 3550 redii
1180 3510 1270 3552 usus-

167 3594 222 3655 que
237 3575 418 3635 beneficio
395 3594 457 3635 3333
473 3574 503 3634 33
519 3591 657 3633 somnum
675 3574 812 3652 delapsus
829 3595 904 3635 sum.
935 3575 985 3636 sed
1002 3594 1062 3635 non
1077 3576 1132 3636 fuit
1120 3584 1203 3636 tcon
1205 3584 1270 3637 ten-

165 3667 249 3720 tust
228 3660 236 3719 3
251 3680 298 3720 333
300 3661 380 3720 tione
395 3658 524 3738 ephebus
539 3658 642 3754 plenae
658 3678 704 3719 ma
706 3659 876 3720 turitatiset
848 3661 974 3721 333333
991 3661 1025 3721 333
1039 3670 1088 3739 333
1077 3662 1206 3722 tiendum
1193 3681 1270 3763 ge·

166 3745 385 3806 stientibus.t
363 3745 460 3822 itaque
485 3744 617 3804 excitavit
641 3764 688 3804 me
713 3746 897 3823 sopitumet
918 3739 1087 3825 “numquid
1114 3737 1203 3808 vis?”
1222 3747 1269 3808 in-

166 3831 235 3910 quit
259 3837 288 3889 et
302 3848 363 3889 333
378 3829 537 3907 pianelam
554 3829 712 3890 molesum
725 3837 784 3890 333
796 3849 914 3892 munus
938 3839 1147 3911 ucunqnergr
1149 3851 1183 3891 ur
1196 3851 1224 3891 m
1227 3841 1271 3894 er

165 3915 308 3977 anhelitus
329 3915 510 3994 sudoresque
528 3916 629 3988 333333,
650 3917 728 3994 quod
751 3916 892 3991 voluerat,
913 3919 1036 3998 accepit,
1058 3935 1219 3996 rursusque
1238 3919 1268 3978 33

166 4020 305 4063 somnum
325 4001 419 4062 decidi
435 4001 538 4081 gaudio
553 4002 657 4063 lassus.
688 4002 860 4081 interposita
876 4004 973 4066 minus
989 4006 1062 4066 hora
1076 4020 1206 4083 pungere
1221 4023 1269 4065 me
