2646 4710
573 343 715 397 summm
820 319 829 337 ’
1127 354 1188 425 ,51

250 493 308 555 iam
323 502 418 557 morte
431 496 509 574 pasti
524 496 713 576 membraque
726 497 763 558 ad
777 503 886 564 terram
900 501 1029 565 trabunt
1088 518 1122 570 bo

250 578 326 640 iacet
339 580 476 642 sacerdos
491 581 645 643 intereras
661 581 776 644 victima

249 670 415 745 terramque
430 666 546 744 plangit.
578 667 621 728 sic
635 668 796 745 profanatis
811 669 902 732 sacris

249 749 379 828 peritura
395 752 483 812 Troia
499 751 624 830 perdidit
638 753 767 832 primum
783 754 865 817 deos.

190 843 193 847 '
300 835 356 896 iam
373 837 457 915 plena
471 837 590 898 Phoebe
605 838 760 900 candidum
776 841 915 902 extulerat
929 841 1011 904 iubar

250 919 364 981 minora
380 923 490 983 ducens
506 929 584 983 astra
598 923 723 984 radianti
737 924 814 999 face,
1087 943 1119 992 55

250 1024 317 1067 cum
332 1006 408 1067 inter
424 1008 554 1087 sepultos
570 1008 731 1071 Priamidas
747 1018 834 1071 nocte
849 1017 878 1071 et
892 1029 980 1072 mero

249 1090 339 1152 Danai
351 1092 479 1153 relaxant
495 1092 621 1154 claustra
637 1101 665 1154 et
680 1095 833 1157 effundunt
847 1095 936 1157 viros.

248 1183 361 1237 tentant
375 1177 405 1236 ιιι
420 1178 509 1238 armis
525 1197 557 1238 se
572 1178 674 1252 duces,
691 1199 742 1239 ceu
759 1179 807 1240 ubi
823 1181 898 1240 solet

248 1262 327 1321 nodo
339 1262 483 1324 remissus
500 1263 631 1338 Thessab
646 1265 812 1342 quadrupes
828 1265 887 1343 iugi

249 1347 388 1407 cervicem
404 1357 433 1409 et
448 1349 518 1408 altas
533 1357 653 1427 quatere
668 1350 703 1409 ad
720 1368 874 1410 excursum
890 1349 983 1412 iubas.
1086 1367 1119 1418 cc

248 1430 358 1509 gladios
373 1441 544 1507 retractant,
560 1442 748 1496 commovent
763 1434 851 1495 orbes
867 1453 958 1497 manu

246 1515 411 1596 bellumque
426 1526 555 1579 sumunt.
585 1520 633 1580 hic
648 1537 748 1597 graves
765 1520 838 1581 alius
853 1539 936 1582 mero

247 1602 401 1664 obtruncat
415 1612 443 1664 et
458 1605 610 1665 continuat
623 1605 654 1664 in
669 1611 794 1665 mortem
809 1605 942 1667 ultimam

247 1705 384 1762 somnos,
400 1689 435 1748 ab
451 1689 509 1750 aris
525 1690 597 1750 alius
613 1690 743 1750 accendit
757 1691 836 1750 faces

246 1780 406 1851 contraque
422 1774 514 1835 Troas
530 1775 647 1835 invocat
662 1775 765 1836 Troiae
780 1765 880 1836 sacra.³
1083 1791 1115 1840 65

167 1875 263 1917 ...ex
278 1857 312 1931 is,
328 1859 377 1936 qui
392 1858 422 1920 in
437 1860 598 1938 porticibus
616 1858 821 1939 spatiabantur,
836 1859 946 1937 lapides
961 1860 992 1921 in
1004 1859 1183 1939 Eumolpum
1199 1865 1239 1926 90

80 1939 252 2002 recitantem
268 1943 419 2004 miserunt.
450 1945 547 2017 atille,
565 1944 612 2023 qui
628 1945 762 2023 plausum
778 1944 885 2023 ingenii
902 1944 947 2005 sui
962 1953 1095 2019 noverat,
1111 1965 1183 2025 ope-

78 2025 139 2087 ruit
158 2034 247 2106 caput
265 2035 401 2107 extraque
421 1992 562 2108 templum
584 2031 723 2108 profugit.
752 2028 836 2090 timui
857 2048 924 2107 ego,
945 2047 983 2090 ne
1002 2049 1050 2090 me
1066 2038 1134 2125 poet
1136 2049 1182 2091 am

81 2112 206 2172 vocaret.
235 2112 330 2209 itaque
342 2113 481 2175 subsecut
469 2122 516 2175 tus
528 2114 640 2210 fugient
641 2134 686 2174 em
699 2114 733 2175 ad
746 2115 778 2174 lit
767 2122 814 2175 tus
817 2114 954 2216 perveni,
970 2121 999 2176 et
1010 2123 1043 2174 ut
1051 2114 1182 2211 primum

80 2203 161 2257 extra
180 2197 230 2257 teli
251 2201 416 2260 coniectum
437 2199 517 2261 licuit
537 2199 711 2272 consistere,
723 2189 827 2278 ‘’rogo
841 2199 960 2278 inquam
971 2191 1056 2278 quid
1072 2198 1164 2261 tibi
1140 2218 1181 2260 vis

79 2299 147 2341 cum
167 2282 225 2343 isto
245 2281 375 2345 morbo?
404 2284 503 2345 minus
524 2304 610 2363 quam
630 2247 742 2346 duabus
762 2285 844 2345 horis
865 2303 981 2346 mecum
997 2286 1139 2358 morariS,
1155 2292 1184 2346 et

80 2366 197 2445 saepius
217 2369 331 2446 poetice
351 2389 438 2447 quam
458 2371 584 2430 humane
599 2370 714 2431 locutus
729 2389 770 2430 ee.
800 2371 896 2448 itaque
912 2388 973 2430 non
988 2369 1095 2443 miror,
1115 2370 1140 2431 si
1155 2376 1184 2431 te

79 2452 208 2530 populus
223 2453 368 2532 lapidibus
383 2456 574 2533 persequitur
606 2475 659 2533 ego
672 2473 789 2533 quoque
801 2457 897 2515 sinum
910 2472 1009 2515 meum
1022 2454 1098 2515 saxis
1110 2472 1184 2516 one·

78 2536 161 2610 rabo,
177 2544 209 2599 ιιι
224 2540 455 2618 quotiescunque
471 2539 602 2642 coeperis
618 2560 633 2600 a
648 2540 782 2642 te>exire‚
799 2539 970 2616 sanguinem
991 2538 1042 2600 tibi
1058 2558 1073 2600 a
1090 2539 1184 2618 capite

78 2613 212 2683 mittam.
242 2625 334 2685 movit
353 2624 398 2684 ille
413 2626 472 2686 vult
461 2634 522 2686 tum
540 2617 588 2686 et‘
597 2615 684 2685 omi'
699 2625 793 2703 inquil
804 2617 1002 2696 ‘,adulescens
1017 2642 1079 2685 non
1094 2625 1182 2686 hodic

77 2706 208 2803 primum
224 2710 355 2787 auspicat
357 2729 391 2770 us
408 2729 483 2771 sum.
513 2710 604 2770 immo
621 2716 692 2806 quot
693 2710 734 2770 ies
681 2710 954 2780 t,ttbeatrum
920 2716 954 2771 ut
968 2708 1117 2769 recitarem
1131 2708 1182 2769 ιιι-

77 2793 163 2872 quid,
180 2792 298 2870 intravi,
315 2796 369 2855 hac
384 2814 430 2854 me
446 2795 558 2856 advent
539 2795 604 2856 trcia
619 2795 751 2872 excipere
765 2793 907 2872 frequent
901 2813 925 2854 ra
887 2794 1023 2855 stolet
1053 2801 1181 2856 ceterum

77 2895 115 2939 nc
128 2877 167 2954 [et
166 2879 175 2954 l
188 2884 284 2939 tecum
301 2898 417 2982 quoque
429 2879 550 2942 habeam
562 2880 785 2952 rixandumtt
740 2886 804 2940 toto
817 2879 921 2940 diemo
934 2879 969 2940 ab
982 2879 1040 2941 hoc
1050 2878 1115 2940 cibo
1128 2878 1182 2941 ιιι·

78 2953 249 3025 stinebo.'‘
256 2956 362 3026 immo’
377 2964 497 3043 inquam
513 2985 566 3044 ego
579 2957 622 3026 ‘si
637 2965 731 3026 eiuras
747 2964 920 3026 hodiernam
936 2964 1038 3036 bilem,
1060 2982 1119 3025 una
1134 2983 1182 3026 ce
1248 3031 1254 3043 Ι

77 3038 227 3109 nabimus³

618 3146 639 3184 ιι

164 3219 270 3281 mando
286 3219 482 3282 aedicularum
498 3217 613 3281 custodi
629 3218 747 3280 cenulae
763 3218 891 3281 officium

617 3313 638 3351 ιι·

163 3389 246 3450 video
263 3390 367 3451 Gitona
383 3408 449 3450 cum
460 3388 555 3449 linteis
567 3395 595 3447 et
606 3385 762 3465 strigilibus
774 3386 876 3482 parieti
888 3385 1054 3465 applicitum
1067 3385 1182 3448 tristem
1196 3383 1235 3445 91

78 3473 306 3555 confusumque.
335 3476 435 3549 scires,
450 3491 510 3534 non
525 3473 616 3533 libent
604 3480 648 3533 ter
659 3473 776 3532 servire.
799 3471 895 3549 itaque
908 3478 940 3531 ut
952 3472 1182 3549 experimentum

78 3560 231 3621 oculorum
234 3579 385 3662 caperem
404 3605 492 3620 .....
509 3577 615 3619 conver
616 3559 650 3619 tit
616 3558 715 3619 tille
735 3557 814 3618 solut
802 3565 863 3617 tum
885 3557 989 3634 gaudio
1016 3555 1128 3616 vultum
1154 3562 1183 3616 ct

74 3635 244 3705 ‘miserere'
264 3636 484 3723 inquitfrater.
514 3644 563 3705 ubv
579 3660 735 3704 armenon
751 3650 835 3714 sunt
857 3641 1074 3718 lrbereloquor
1104 3640 1183 3718 eripe

76 3747 124 3790 me
139 3729 248 3790 latroni
264 3738 385 3791 cruento
407 3751 422 3790 e
423 3730 574 3826 tqualibet
586 3729 674 3790 saevit
675 3727 700 3787 ia
713 3729 813 3805 poenit
814 3747 849 3787 en
851 3727 920 3788 tiam
932 3725 1057 3787 iudicist
1045 3725 1086 3787 tui
1099 3724 1181 3804 puni.
1232 3789 1236 3795 g

77 3815 148 3875 satis
165 3833 304 3892 magnum
325 3815 379 3876 crit
398 3815 507 3876 misero
524 3814 674 3887 solatium,
695 3819 744 3873 tua
695 3812 875 3873 ttavolun
878 3801 1080 3873 tececidisse.
1109 3828 1181 3888 sup-

77 3899 205 3978 primere
225 3919 279 3977 ego
300 3901 455 3978 querellam
476 3900 578 3972 iubeo,
598 3917 635 3960 ne
656 3899 721 3978 quis
738 3897 858 3958 consilia
874 3897 1114 3975 deprehenderet,
1135 3913 1182 3954 re·

75 3984 204 4064 lictoque
219 3986 365 4064 Eumolpo
382 4004 506 4046 -nam
527 3985 558 4044 in
572 3947 676 4046 balneo
693 4001 810 4045 carmen
823 3981 963 4043 recitabat
977 4015 1018 4026 -
1033 3999 1086 4060 per
1100 3986 1183 4040 tenc·

949 4079 983 4130 4*
