2646 4710
563 374 706 427 SATlllAll
1146 376 1186 438 59

81 548 152 595 nam
164 530 231 592 sine
243 546 345 590 caussa
360 528 496 607 [quidem]
510 528 645 608 spiritum
656 536 795 608 tanquam
810 547 872 589 rem
884 547 1004 589 vacuam
1020 527 1189 606 impendere

81 634 119 679 ιιι
139 634 193 678 vos
221 614 339 693 quidem
360 613 494 674 existimo
515 614 593 673 velle.
628 615 733 688 videte,
752 614 894 692 numquid
914 614 973 674 hoc
990 614 1113 693 placeat:
1133 632 1187 694 ego

80 720 136 763 vos
156 700 280 761 induas
301 701 359 760 iam
382 699 471 777 pelles
492 698 633 759 coniciam
655 701 826 777 vinctosque
840 698 910 759 loris
926 700 1002 759 inter
1015 699 1187 762 vestimenta

80 802 138 867 pro
160 785 283 847 sarcinis
304 783 430 857 habebo,
452 785 558 862 apertis
580 783 687 845 scilicet
706 785 887 862 aliquatenus
908 783 1010 856 labris,
1034 784 1138 862 quibus
1159 793 1188 847 et

80 871 219 953 spiritum
235 869 365 949 recipere
380 869 503 947 possitis
520 877 548 929 ιι
563 869 670 929 cibum.
699 869 885 929 conclamabo
902 868 1006 929 deiude
1025 876 1111 930 nocte
1123 889 1186 932 ser-

79 972 135 1018 vos
157 973 286 1036 poenam
307 955 468 1032 graviorem
489 954 624 1014 timentes
645 955 853 1032 praecipitasse
873 973 905 1013 se
919 953 949 1013 in
965 972 1053 1014 mare.
1085 956 1188 1017 deinde

80 1054 150 1104 cnm
166 1047 234 1102 vent
234 1059 283 1100 um
299 1039 407 1100 fuerit'
374 1047 430 1099 ιιιι
446 1046 580 1117 portum,
598 1038 661 1098 sine
676 1040 731 1099 ulla
748 1039 912 1117 suspitione
928 1056 982 1116 pro
998 1040 1120 1101 sarcinis
1135 1059 1187 1102 vos

81 1116 223 1188 efferam?
245 1116 299 1184 ‘ita
311 1115 392 1184 vero'
400 1124 527 1220 inquam
540 1115 615 1201 ego‘
617 1131 754 1202 tanquam
771 1124 881 1184 solidos
894 1124 1069 1201 alligaturus,
1083 1125 1187 1204 quibus

80 1229 143 1273 non
163 1211 259 1272 soleat
280 1217 347 1269 vent
348 1227 380 1268 ιι
398 1209 532 1269 iniuriam
553 1209 662 1280 facere,
685 1228 721 1270 an
740 1216 878 1288 tanquam
894 1227 945 1269 eos
961 1211 1009 1287 qui
1027 1218 1189 1272 sternutare

79 1314 144 1357 non
165 1296 311 1356 soleamus
326 1313 380 1355 nec
396 1300 525 1365 stertere,
542 1312 578 1354 ιιι
595 1293 661 1372 quia
677 1295 734 1355 hoc
749 1313 840 1372 genus
856 1294 926 1354 furti
941 1297 1097 1356 semelt
1047 1315 1083 1356 an
1085 1302 1129 1357 tea
1144 1297 1188 1358 fe·

79 1380 176 1443 liciter
198 1376 308 1441 cessit?
335 1380 386 1439 sed
407 1380 483 1456 finge
503 1397 561 1439 uua
583 1379 628 1439 die
648 1379 761 1440 vinctus
776 1397 866 1459 posse
882 1380 998 1439 durare:
1023 1381 1091 1459 quid
1108 1400 1186 1460 ergo,

69 1465 107 1527 'si
122 1465 231 1527 diutius
247 1472 295 1525 aut
309 1464 501 1542 tranquillitas
517 1481 573 1523 nos
589 1465 715 1524 tenuerit
731 1470 780 1525 aut
791 1465 908 1524 adversa
920 1463 1102 1542 tempestas?
1119 1467 1187 1544 quid

79 1549 186 1612 facturi
210 1547 337 1610 sumus?
366 1556 463 1609 vestes
484 1567 601 1627 quoque
624 1549 730 1610 diutius
753 1550 831 1610 viuct
833 1568 864 1610 as
884 1567 955 1627 ruga
977 1551 1138 1624 consumit,
1158 1560 1187 1614 et

79 1631 176 1698 cartae
194 1635 321 1714 alligatae
336 1640 451 1695 mutant
465 1634 737 1712 figuramruvenes
752 1635 847 1696 adhuc
857 1634 965 1696 laboris
977 1643 1109 1716 expertes
1125 1646 1186 1699 sta-

78 1728 198 1784 tuarum
213 1721 271 1783 ritu
286 1720 431 1800 patiemur
445 1738 561 1798 pannos
578 1726 606 1779 et
621 1712 750 1781 vinclai'

619 1815 639 1853 ιι

163 1883 277 1952 ‘adhuc
300 1890 415 1968 aliquod
436 1890 492 1949 iter
511 1890 610 1950 salutis
631 1889 829 1968 quaerendum
850 1896 903 1950 est
939 1891 1085 1971 inspicite,
1107 1894 1186 1971 quod

80 1996 134 2058 ego
146 1977 253 2038 inveni.
270 1975 434 2053 Eumolpus
446 1983 583 2054 tanquam
595 1975 754 2035 litterarum
767 1974 916 2036 studiosus
928 1976 1027 2055 utique
1039 1983 1186 2038 atramen-

79 2070 143 2124 tum
159 2062 255 2124 habet.
285 2062 343 2121 hcc
363 2079 431 2138 ergo
447 2061 577 2121 remedio
593 2067 741 2120 mutemus
758 2060 870 2120 colores
887 2080 902 2120 a
919 2062 1027 2140 capillis
1042 2064 1186 2141 usquead

77 2164 204 2227 ungues.
240 2147 279 2207 ita
305 2154 442 2242 tauquam
465 2146 539 2205 servi
560 2147 613 2205 det
601 2146 717 2224 hropes
737 2150 765 2204 e
783 2153 901 2223 praesto
920 2146 972 2206 tibi
995 2146 1103 2208 erimus
1123 2148 1186 2209 sine

78 2239 298 2294 tormentnmm
319 2231 423 2291 iniuria
443 2231 616 2303 hilares‚t
586 2237 616 2290 ιι
630 2236 777 2309 permutt
734 2230 1186 2310 ttocoloreimponemusini-
1211 2243 1213 2245 ’

80 2309 187 2379 micis?
208 2307 361 2395 ‘quidnil'
381 2315 476 2394 mqurt
491 2316 538 2376 Gr
527 2323 579 2375 ou
592 2306 693 2376 etranr
710 2315 882 2376 circumcide
896 2334 965 2390 nos
985 2326 1018 2378 ιιι
1031 2319 1169 2380 ludaei
1143 2337 1186 2378 vr

80 2404 212 2475 deamur,
227 2408 256 2463 et
271 2409 335 2480 pert
323 2402 414 2461 tunde
429 2419 523 2471 aures,
540 2408 572 2460 ut
585 2401 636 2460 imi
638 2408 734 2461 tamur
747 2401 913 2473 Arabest
884 2422 899 2462 ι
901 2401 1032 2463 tinereta
1043 2403 1140 2478 iacies,
1155 2412 1188 2465 ut

80 2504 154 2549 suos
179 2487 268 2567 Gallia
289 2486 365 2547 cives
385 2493 438 2564 put
427 2493 481 2546 tet:
508 2493 646 2564 tanquam
666 2486 713 2546 hic
734 2486 815 2546 solus
836 2487 917 2546 color
941 2487 1063 2564 figuram
1091 2489 1188 2567 possit

80 2579 246 2654 pervertere
266 2579 296 2632 et
313 2589 373 2631 non
393 2572 482 2632 multa
497 2588 555 2630 una
571 2578 706 2649 oporteat
722 2570 906 2631 consentiant
923 2573 961 2648 [ιι
974 2575 1045 2649 non]
1062 2574 1184 2646 ratione,

79 2667 115 2720 ut
128 2656 314 2719 mendacium
335 2662 460 2716 constet.
490 2663 559 2734 puta
580 2656 716 2717 infectam
739 2655 932 2716 medicamine
951 2657 1054 2717 faciem
1075 2659 1185 2719 diutius

79 2743 189 2805 durare
208 2755 312 2822 posse3
340 2742 416 2820 finge
441 2759 495 2801 ιιιι
513 2758 604 2820 aquae
625 2741 806 2821 asperginem
831 2741 1036 2820 imposituram
1061 2743 1185 2824 aliquam

80 2828 201 2907 corpori
215 2827 367 2899 maculam,
379 2844 433 2886 nec
443 2833 553 2886 vestem
565 2834 728 2886 atramento
740 2826 941 2898 adhaesuram,
958 2829 1036 2907 quod
1047 2829 1185 2907 frequen-

79 2920 127 2974 ter
147 2912 234 2974 etiam
254 2918 314 2973 non
331 2912 471 2973 accersito
485 2911 645 2972 ferrumine
660 2911 800 2988 infigitur:
817 2929 882 2990 age,
905 2913 1050 2992 numquid
1064 2922 1093 2974 ιι
1106 2914 1186 2976 lahra

80 3015 244 3078 possumus
266 3004 384 3057 tumore
397 2998 567 3058 taeterrimo
583 2994 725 3075 implere‘l
744 2997 886 3075 numquid
907 3006 935 3058 ιι
955 2998 1048 3059 crines
1069 3000 1185 3060 calami-

81 3090 144 3144 stro
161 3080 352 3144 couvertere?
381 3082 523 3162 numquid
540 3090 570 3142 ιι
583 3083 699 3142 frontes
715 3082 896 3143 cicatricibus
913 3082 1067 3144 scindere?
1096 3103 1186 3145 num-

81 3167 152 3246 quid
173 3173 202 3228 ιι
222 3185 305 3229 crura
326 3167 355 3226 iu
372 3167 472 3227 orbem
489 3165 638 3246 paudere?
667 3167 811 3245 numquid
827 3176 855 3228 ιι
869 3168 942 3228 talos
959 3169 994 3228 ad
1009 3176 1120 3229 terram
1134 3170 1186 3230 de·

80 3249 210 3313 ducere?
239 3253 381 3330 numquid
398 3263 424 3312 ιι
433 3252 552 3312 barbam
564 3251 716 3330 peregrina
727 3251 840 3312 ratione
851 3250 999 3331 figurare?
1029 3255 1110 3313 color
1125 3261 1185 3314 arte

81 3337 265 3435 compositus
280 3337 412 3415 inquinat
428 3355 546 3414 corpus,
562 3354 623 3396 non
640 3355 691 3395 mu
692 3343 741 3396 t.at
772 3338 876 3409 audite,
893 3338 961 3416 quid
978 3338 1103 3398 dement
1083 3346 1184 3399 trsuc-

81 3422 221 3484 currerit:
229 3423 435 3525 praeligemus
455 3420 584 3481 vestibus
612 3421 704 3500 capita
730 3426 758 3481 ιι
777 3439 833 3480 nos
853 3422 883 3481 in
903 3422 1084 3500 profundum
1106 3442 1184 3484 mer-

80 3499 202 3586 gamus?
229 3500 278 3567 ne
289 3515 347 3568 rs
315 3508 421 3568 ddu
437 3506 632 3583 hominesque
643 3497 800 3585 patrantur
814 3506 977 3586 Eumolpus
990 3499 1172 3569 exclama
1173 3506 1254 3569 ι103

80 3610 133 3653 vos
149 3598 239 3654 tamt
240 3592 305 3689 urpi
322 3593 365 3652 exi
367 3600 398 3652 ιιι
367 3592 501 3652 tritam
518 3591 634 3651 liniatis.
664 3592 756 3652 immo
772 3611 828 3689 po
813 3591 871 3652 tius
813 3592 977 3662 tfacitc‚
995 3592 1073 3670 quod
1086 3592 1183 3653 iubeo.

80 3678 299 3738 mercennarius
311 3695 404 3750 meus,
417 3684 449 3737 ut
461 3696 495 3736 ex
437 3675 646 3737 tnovacula
660 3676 854 3754 comperistis,
866 3684 971 3738 tonsor
982 3684 1040 3737 est:
1052 3677 1100 3738 hic
1112 3696 1183 3738 con-

80 3763 164 3823 tinuo
185 3762 267 3823 radat
286 3763 439 3838 utriusque
458 3780 519 3822 nun
535 3762 630 3821 solum
647 3761 753 3839 capita,
774 3763 927 3823 sedetiam
944 3762 1105 3840 supercilia.
1135 3783 1183 3823 se-

80 3865 153 3927 quar
168 3865 221 3925 ego
236 3848 350 3908 frontes
365 3854 472 3906 notans
487 3845 681 3924 inscriptione
697 3846 814 3917 sollerti,
830 3854 863 3907 ιιι
877 3847 1032 3908 videamini
1048 3848 1183 3925 stigmate

81 3950 146 3994 esse
160 3932 265 4012 puniti.
295 3933 332 3992 ita
349 3931 466 3992 eaedem
478 3931 588 3992 litterae
599 3938 628 3990 ot
638 3931 831 4035 suspitionem
845 3932 1029 3994 declinabunt
1040 3950 1182 4012 quaeren-

79 4018 153 4078 tium
170 4025 199 4078 et
213 4017 311 4078 vultus
325 4016 431 4078 umbra
445 4017 580 4095 supplicii
594 4024 700 4094 tegent.
