2646 4710
614 365 770 418 Puruouu

242 542 276 584 ac
289 521 359 582 viles
376 538 494 599 operae,
510 537 636 599 quorum
652 527 698 581 est
712 538 775 581 mea
792 520 888 581 Roma.
900 536 1033 582 noverca.

243 615 273 669 at
287 626 369 679 reor,
385 606 462 666 baud
479 605 613 684 impune,
627 623 683 666 neo
697 606 773 666 banc
789 605 852 666 sine
867 605 979 668 vindice
994 606 1125 668 dextram

243 692 347 752 vinciet
362 692 491 769 ignavus.
523 689 647 751 victores
663 691 702 751 ite
716 691 860 763 furentes,

241 778 281 839 ite
297 777 354 837 mei
371 775 507 847 comites,
523 782 552 836 et
567 794 684 837 cansam
700 775 786 837 dicite
800 777 888 838 ferro.

132 887 138 897 ’
161 880 208 929 1-70
243 880 370 940 namque
386 861 481 921 omnis
496 878 587 921 unum
604 861 715 921 crimen
729 869 825 935 vocat,
837 861 978 922 omnibus
994 879 1051 923 una

242 946 392 1026 impendet
407 946 511 1006 clades.
540 946 687 1007 reddenda
703 953 748 1007 est
761 946 852 1025 gratia
867 947 964 1019 vobis,

242 1049 303 1093 non
318 1031 399 1092 solus
416 1031 478 1091 vici.
505 1049 609 1109 quare,
626 1032 692 1110 quia
707 1050 800 1110 poena
816 1032 946 1111 tropaeis

243 1117 378 1179 imminet
392 1123 421 1176 et
436 1115 540 1176 sordes
555 1117 662 1178 meruit
675 1117 795 1178 victoria
809 1124 925 1190 nostra,

243 1202 338 1263 indice
352 1202 482 1262 Fortuna
498 1201 580 1262 cadat
595 1202 665 1263 alea.
696 1202 802 1263 sumite
816 1202 923 1263 bellum

162 1303 209 1354 005
246 1295 276 1349 et
288 1294 429 1366 temptate
444 1304 560 1348 manus.
587 1295 664 1349 certe
679 1307 744 1350 mea
760 1306 845 1349 causa
862 1296 977 1367 peracta
989 1294 1047 1348 est:

243 1373 319 1433 inter
333 1379 380 1433 tot
392 1372 485 1434 fortes
500 1381 631 1434 armatus
646 1375 744 1434 nescio
761 1364 864 1436 vinci.”

286 1459 358 1521 baec
372 1457 422 1519 ubi
437 1459 604 1538 personuit,
620 1458 655 1518 de
670 1458 747 1519 caelo
763 1458 920 1537 llelpbicus
936 1458 994 1518 ales

245 1543 343 1604 omina
357 1545 432 1604 laeta
448 1544 527 1605 dedit
540 1543 710 1622 pepulitque
726 1543 868 1604 meatibus
884 1561 979 1605 auras.

129 1639 131 1644 ’
243 1646 373 1690 necnon
388 1628 528 1689 horrendi
543 1628 673 1689 nemoris
690 1630 726 1690 de
741 1637 824 1707 parte
839 1627 959 1690 sinistra

163 1728 210 1779 180
245 1714 380 1775 insolitae
394 1732 481 1774 voces
496 1714 613 1774 llamma
629 1731 758 1774 sonuere
773 1713 914 1792 sequenti.

244 1800 309 1879 ipse
324 1799 402 1859 nitor
417 1797 530 1860 Phoebi
546 1799 659 1876 vulgato
676 1798 778 1860 laetior
793 1798 864 1859 orbe

244 1883 334 1946 crevit
348 1891 377 1944 et
391 1892 491 1946 aurato
507 1883 668 1962 praecinxit
680 1884 795 1963 fulgure
811 1885 915 1946 vultus.

77 1970 136 2033 123
245 1969 352 2031 fortior
368 1969 516 2032 ominibus
532 1970 625 2030 morit
638 1969 776 2042 Mavortia
792 1970 875 2048 signa

247 2056 350 2116 Caesar
364 2062 394 2115 et
408 2054 543 2115 insolitos
559 2073 663 2133 gressu
679 2055 761 2134 prior
775 2063 901 2134 occupat
914 2071 1013 2114 ausus.

164 2155 211 2206 185
247 2140 340 2219 prima
357 2139 475 2217 quidem
492 2139 598 2218 glacies
614 2147 643 2200 et
658 2158 727 2201 cana
743 2140 837 2201 vineta
852 2140 936 2200 ruina

245 2243 306 2285 non
322 2224 461 2302 pugnavit
475 2226 584 2286 humus
600 2224 721 2304 mitique
735 2225 860 2286 horrore
875 2223 992 2304 quievit
1069 2253 1072 2260 .

245 2309 298 2370 sed
313 2315 471 2387 postquam
486 2316 599 2371 turmae
614 2309 732 2370 nimbos
747 2309 858 2388 fregere
872 2310 975 2389 ligatos

246 2401 275 2454 et
289 2393 412 2473 pavidus
428 2393 595 2474 quadrupes
609 2394 756 2455 undarum
771 2395 885 2457 vincula
899 2396 992 2474 rupit,

245 2479 391 2540 incaluere
405 2480 498 2541 nives.
528 2498 597 2541 mox
611 2480 732 2542 flumina
747 2481 897 2543 montibus
914 2481 978 2541 altis

163 2579 210 2630 100
245 2564 395 2626 undabant
406 2567 495 2627 modo
508 2573 585 2645 nata,
598 2567 649 2628 sed
661 2566 734 2628 baec
744 2585 861 2647 qnoque
872 2566 1003 2629 -iussa
1015 2571 1182 2646 putares—

245 2648 374 2722 stabant‚
391 2657 420 2711 et
433 2650 528 2712 vincta
542 2652 650 2714 fluctus
665 2658 804 2731 stupuere
818 2651 918 2723 ruina,
1132 2654 1135 2661 “

245 2743 274 2796 et
288 2735 376 2814 paolo
392 2743 458 2797 ante
471 2735 534 2798 lues
550 2737 608 2798 iam
624 2736 803 2813 concidenda
818 2736 936 2799 iacebat.

245 2829 310 2882 tum
325 2838 394 2880 vero
409 2822 485 2882 male
500 2822 556 2884 fida
571 2822 653 2902 prius
667 2822 787 2901 vestigia
801 2822 871 2884 lusit
953 2846 958 2857 ·

247 2905 416 2984 decepitque
431 2905 535 2984 pedes3
549 2908 658 2987 pariter
672 2916 841 2986 turmaeque
855 2906 966 2985 virique

165 3006 212 3056 105
248 3006 386 3068 armaque
401 2997 537 3067 congesta
553 3000 634 3052 strue
649 2991 797 3070 deplorata
812 2991 953 3052 iacebant.

247 3092 313 3135 ecce
329 3073 414 3135 etiam
430 3073 526 3152 rigido
543 3094 703 3137 concussae
717 3074 835 3136 flamine
850 3075 944 3136 nubes

248 3159 492 3232 exonerabantur,
508 3176 562 3221 nec
576 3167 664 3241 rupto
680 3159 795 3226 turbine
809 3161 887 3222 venti

248 3248 351 3307 derant
365 3251 415 3306 aut
428 3245 539 3306 tumida
555 3247 737 3308 confractum
752 3245 893 3323 grandine
907 3246 1028 3308 caelum.

247 3331 329 3410 ipsae
343 3329 401 3391 iam
417 3331 511 3392 nubes
526 3339 629 3411 ruptae
646 3349 736 3412 super
750 3349 831 3393 arma
847 3331 1001 3404 cadebant,

165 3431 214 3482 200
250 3423 278 3478 et
293 3424 429 3480 concreta
446 3416 511 3497 gelu
526 3416 610 3497 ponti
626 3417 704 3478 velut
718 3417 794 3479 unda
809 3416 919 3479 ruebat.

249 3501 325 3563 victa
340 3510 402 3563 erat
416 3501 526 3582 ingenti
540 3502 624 3563 tellus
640 3501 705 3562 nive
720 3503 852 3582 victaque
867 3501 937 3564 caeli

248 3587 357 3660 sidera,
370 3588 445 3649 victa
460 3586 522 3648 suis
537 3587 685 3649 haerentia
700 3587 820 3648 [lumina
834 3587 923 3667 ripis3

248 3672 380 3733 nondum
397 3669 502 3733 Cacsar
516 3681 591 3746 erat,
609 3673 660 3734 sed
676 3691 811 3751 magnam
821 3672 913 3735 ¹nisius
928 3672 960 3733 in
974 3671 1087 3732 hastam

247 3755 367 3817 horrida
383 3755 493 3818 securis
504 3757 657 3837 frangebat
671 3757 821 3837 gressibus
836 3777 915 3832 arva,

164 3856 213 3906 205
250 3839 341 3920 qualis
357 3839 498 3904 Caucasea
514 3843 671 3905 decurrens
686 3843 796 3905 arduus
812 3862 878 3906 arce

249 3925 536 4006 Amphitryoniades,
552 3936 602 3992 aut
615 3935 699 3990 torvo
714 3928 847 4009 luppiter
862 3948 928 3999 ore,

249 4029 315 4075 oum
331 4030 364 4075 se
377 4013 532 4078 sordebus
547 4013 646 4094 magni
661 4012 779 4077 demisit
793 4013 908 4094 Olympi
