2646 4710
166 1594 277 1663 Tacitus
298 1601 449 1662 aunulfum
472 1600 542 1662 XVI
556 1603 609 1662 17.-
632 1622 708 1665 ouuo
730 1600 773 1663 dd
793 1600 896 1662 eodem
919 1600 1032 1681 agmine
1049 1599 1184 1661 Annaeus

78 1687 159 1758 Mela,
176 1687 292 1748 Cerialis
305 1687 431 1762 Anicius,
448 1688 549 1749 Rufius
563 1689 713 1767 Crispinus
729 1710 762 1750 ac
774 1689 929 1749 Petronius
941 1687 1080 1748 cecidere.
1125 1697 1185 1746 tum

78 1777 109 1832 c'n
125 1776 214 1851 cupite
229 1770 284 1832 18:
301 1773 336 1832 de
352 1774 381 1833 C.
396 1773 531 1833 Petronio
553 1793 644 1852 pauca
665 1794 753 1854 supera
769 1775 924 1852 repetenda
940 1780 1017 1833 sunt.
1062 1790 1129 1832 nam
1146 1770 1186 1829 illi

79 1858 140 1916 dies
162 1877 213 1936 per
228 1876 381 1930 somnum,
401 1876 460 1918 nox
477 1859 579 1919 officiis
596 1866 624 1918 et
639 1859 857 1920 oblectamentis
874 1859 946 1919 vitae
957 1856 1184 1933 transigebatur,

80 1949 168 2020 utque
183 1942 254 2003 alios
270 1942 430 2015 industria,
452 1943 490 2003 ita
505 1944 582 2004 bunc
598 1944 709 2020 ignavia
726 1945 760 2004 ad
776 1945 882 2004 famam
900 1943 1073 2022 protulerat,
1095 1940 1184 2000 babe-

78 2026 222 2106 baturque
238 2047 298 2088 non
313 2047 405 2108 ganeo
422 2035 450 2088 et
464 2028 634 2107 profligator
649 2037 681 2089 ut
696 2029 825 2107 plerique
842 2049 894 2089 sua
910 2025 1117 2098 haurientium,
1133 2025 1185 2085 sed

79 2112 192 2172 erudito
213 2113 289 2174 luxu.
335 2133 368 2174 ac
388 2113 462 2174 dicta
477 2114 610 2191 factaque
626 2115 688 2174 eius
705 2123 812 2192 quanto
829 2115 969 2174 solutiora
991 2120 1018 2172 et
1039 2111 1184 2190 quandam

79 2198 124 2258 sui
139 2199 345 2277 neglegentiam
363 2199 561 2278 praeferentia,
579 2207 659 2259 tanto
676 2199 785 2277 gratius
801 2201 832 2259 in
847 2199 974 2278 speciem
992 2195 1184 2276 simplicitatis

78 2283 301 2361 accipiebantur.
336 2285 497 2363 proconsul
513 2292 611 2346 tamen
626 2285 777 2365 Bithyniae
792 2292 821 2344 et
836 2303 904 2344 mor
921 2283 1024 2344 consul
1039 2282 1185 2360 vigentem

80 2386 111 2426 se
126 2387 159 2428 ae
174 2387 273 2446 parem
290 2371 415 2447 negotiis
436 2371 571 2431 ostendit.
603 2371 669 2430 dein
685 2370 831 2431 revolutus
847 2371 882 2430 ad
898 2369 965 2429 vitia
981 2387 1033 2428 seu
1048 2366 1185 2427 vitiorum

79 2452 240 2514 imitatione
252 2455 327 2515 inter
337 2474 448 2533 paucos
461 2456 645 2516 familiarium
654 2455 763 2516 Neroni
776 2455 950 2533 adsumptus
963 2461 1017 2526 est,
1030 2451 1186 2532 elegantiae

79 2537 199 2608 arbiter,
220 2539 289 2599 dum
311 2540 381 2599 nihil
403 2560 558 2601 amoenum
579 2549 607 2601 et
626 2541 713 2601 molle
733 2540 877 2601 affluentia
892 2546 975 2620 putat
990 2538 1048 2599 nisi
1065 2537 1141 2616 quod
1159 2535 1186 2594 ei

79 2622 236 2682 Petronius
245 2624 471 2701 adprobavisset.
491 2627 570 2686 unde
581 2625 686 2686 invidia
698 2626 830 2703 Tigellini
842 2625 925 2704 quasi
936 2625 1073 2685 adversus
1085 2640 1185 2682 aemu-

78 2706 139 2766 lum
160 2715 188 2767 et
207 2708 326 2768 scientia
346 2710 527 2789 voluptatum
548 2712 703 2789 potiorem.
734 2729 803 2788 ergo
821 2709 1019 2771 crudelitatem
1034 2706 1185 2787 principis,

80 2791 126 2850 cui
152 2800 262 2853 ceterae
286 2793 418 2856 libidines
439 2795 592 2865 cedebant,
618 2795 783 2873 adgreditur
802 2795 957 2856 amicitiam
981 2792 1110 2855 Scaevini
1131 2793 1187 2851 Pe-

78 2877 176 2936 tronio
194 2878 342 2940 obiectans
359 2887 497 2958 corrupto
514 2881 550 2940 ad
562 2880 701 2940 indicium
714 2899 797 2941 servo
810 2880 1002 2959 ademptaque
1015 2877 1186 2939 defensione

79 2968 108 3020 et
123 2963 232 3023 maiore
252 2972 334 3043 parte
348 2965 474 3025 familiae
489 2965 518 3024 in
534 2965 624 3026 vincla
646 2975 736 3044 rapta.
780 2967 855 3026 forte
870 2965 924 3026 illis
940 2965 1042 3025 diebus
1059 2962 1184 3040 Campa-

78 3044 157 3106 niam
172 3049 312 3127 petiverat
332 3049 452 3123 Caesar,
473 3058 501 3110 et
517 3051 622 3110 Cumas
644 3071 735 3130 usque
757 3069 933 3131 progressus
950 3049 1108 3110 Petronius
1130 3047 1185 3107 illic

79 3132 261 3194 attinebatur.
290 3153 345 3194 nec
364 3135 429 3196 tulit
447 3135 519 3196 ultra
542 3135 655 3196 timoris
678 3144 727 3197 aut
749 3137 811 3215 spei
831 3155 939 3197 moras.
975 3154 1067 3215 neque
1088 3142 1186 3194 tamen

79 3235 218 3297 praeceps
233 3218 319 3279 vitam
335 3221 444 3299 expulit
458 3222 510 3282 sed
526 3220 631 3282 incisas
649 3239 751 3294 venas,
771 3229 803 3281 ut
817 3221 943 3294 libitum,
961 3221 1099 3299 obligatas
1115 3236 1185 3297 ape-

80 3302 137 3362 rire
159 3323 277 3364 rursum
298 3311 326 3363 et
345 3305 451 3384 alloqui
471 3305 597 3378 amicos,
619 3324 679 3366 non
700 3325 753 3384 per
773 3306 847 3366 seria
868 3313 917 3367 aut
936 3306 1042 3384 quibus
1064 3305 1185 3383 gloriam

80 3390 258 3450 constantiae
278 3396 398 3466 peteret.
421 3391 611 3469 audiebatque
631 3392 789 3452 referentes
811 3391 882 3451 nibil
908 3391 943 3450 de
968 3390 1186 3450 immortalitate

80 3472 169 3532 animi
191 3481 219 3533 et
244 3475 418 3553 sapientium
439 3475 567 3553 placitis,
595 3477 646 3536 sed
667 3477 737 3537 levia
760 3476 888 3538 earmina
909 3483 938 3535 et
957 3475 1054 3535 faciles
1074 3491 1185 3534 versus

78 3576 232 3619 servorum
253 3559 323 3620 alios
344 3560 503 3639 largitione,
520 3562 663 3640 quosdam
680 3562 848 3627 verberibus
864 3559 967 3622 affecit.
998 3560 1061 3619 iniit
1076 3558 1184 3637 epulas,

79 3639 186 3702 so'mno
207 3643 339 3718 indulsit,
360 3651 392 3705 ut
412 3665 587 3725 quamquam
607 3653 704 3706 coacta
724 3666 805 3707 mors
826 3647 962 3707 fortuitae
977 3644 1079 3704 similis
1097 3650 1184 3705 esset.

78 3746 115 3787 ne
136 3727 274 3789 codicillis
290 3729 422 3809 quidem,
444 3732 522 3810 quod
538 3731 667 3810 plerique
684 3732 883 3810 pereuntium,
902 3730 1053 3791 Neronem
1069 3736 1118 3791 aut
1133 3728 1185 3789 Ti-

78 3813 214 3890 gellinum
230 3822 279 3874 aut
293 3835 378 3893 quem
394 3816 481 3876 alium
498 3817 663 3894 potentium
679 3817 810 3877 adulatus
823 3824 876 3887 est,
893 3816 944 3876 sed
958 3815 1061 3894 flagitia
1074 3813 1183 3894 princi-

79 3898 124 3976 pis
140 3899 193 3958 sub
209 3899 377 3961 nominibus
393 3902 573 3962 exoletorum
588 3901 820 3980 feminarumque
837 3909 865 3962 et
875 3901 1032 3961 novitatem
1046 3901 1187 3977 cuiusque

78 3984 172 4069 stupri
192 3985 363 4064 perscripsit
381 3992 466 4066 atque
485 3986 637 4065 obsignata
654 3986 735 4047 misit
749 3986 875 4063 Neroni3
894 3986 1038 4065 fregitque
1053 3986 1184 4060 anulum,
