2646 4710
544 368 685 426 sarman
1123 370 1163 432 63

58 536 123 583 non
141 519 240 581 solum
260 537 331 580 voce
343 520 395 583 sed
407 521 494 581 etiam
507 521 651 583 manibus.
666 521 778 583 ‘aderat
788 521 982 599 interpellanti
993 537 1164 583 mercenna-

58 605 121 669 rius
136 623 239 667 comes
255 611 284 665 et
297 623 374 666 amus
390 606 518 684 alterque
533 606 751 667 infirmissimus
764 615 873 680 vector,
890 607 991 668 solatia
1001 605 1094 683 magis
1105 605 1163 666 litis

58 708 149 771 quam
164 688 269 751 virium
285 690 398 751 auxilia.
427 710 482 751 nec
497 691 651 770 quicquam
666 711 720 770 pro
737 711 784 751 me
799 691 984 770 deprecabar,
1001 693 1053 752 sed
1065 691 1164 752 inten-

57 783 127 839 tans
147 777 179 837 in
200 776 300 837 oculos
323 776 511 855 Tryphaenae
530 795 635 837 manus
656 795 779 838 usurum
798 796 846 837 me
865 777 974 838 viribus
995 777 1068 837 meis
1089 777 1165 836 clara

56 861 208 941 liberaque
233 879 304 921 voce
331 861 465 933 clamavi,
492 861 523 920 ni
549 862 707 923 abstineret
732 882 748 923 a
772 862 876 922 Gitone
902 862 1038 923 iniuriam
1060 861 1165 922 mulier

59 946 198 1009 damnata
212 954 241 1006 et
255 946 286 1007 in
299 951 362 1006 toto
377 946 493 1023 navigio
510 947 572 1007 sola
587 948 771 1008 verberanda.
795 948 963 1009 accenditur
974 947 1090 1008 audacia
1102 964 1166 1007 mea

58 1031 163 1095 iratior
176 1031 296 1103 Lichas,
317 1031 540 1110 indignaturque
562 1035 642 1110 quod
663 1052 715 1112 ego
735 1033 833 1093 relicta
853 1052 917 1093 mea
933 1052 1037 1094 caussa
1052 1039 1165 1092 tantum

58 1116 194 1196 proelio
216 1116 319 1178 clamo.
356 1135 410 1177 nec
430 1117 528 1177 minus
550 1117 721 1196 Tryphaena
742 1117 917 1179 contumelia
936 1118 1027 1180 saevit
1045 1134 1167 1178 accensa

57 1200 211 1279 totiusque
222 1200 327 1278 navigii
338 1201 455 1261 turbam
467 1202 578 1262 diducit
589 1204 618 1262 iu
631 1211 737 1280 partes.
764 1203 832 1263 hinc
847 1203 1064 1265 mercennarius
1083 1205 1166 1280 [tun-

59 1287 122 1363 sor]
137 1285 317 1347 ferramenta
332 1305 385 1347 sua
399 1287 485 1347 nobis
501 1295 529 1347 et
540 1286 603 1366 ipse
614 1297 742 1348 armatus
756 1288 910 1362 distribuit,
926 1289 1004 1349 illinc
1016 1289 1167 1368 Tryphae-

44 1408 48 1414 ·
62 1388 121 1435 uae
128 1370 240 1432 familia
254 1372 348 1431 nudas
364 1373 480 1450 expedit
493 1390 608 1433 manus.
638 1392 671 1433 ac
690 1391 727 1433 ue
742 1372 907 1434 ancillarum
924 1374 1042 1452 quidem
1058 1374 1168 1434 clamor

59 1455 153 1519 aciem
169 1456 310 1529 destituit,
331 1474 390 1517 uno
411 1465 524 1517 tautum
541 1459 735 1536 gubernatore
749 1458 917 1518 relicturum
935 1477 967 1518 se
981 1458 1062 1520 navis
1077 1456 1166 1519 mini-

60 1541 184 1603 sterium
199 1542 400 1615 denuntiante,
421 1542 445 1602 si
461 1561 522 1602 non
537 1544 652 1603 desinat
666 1545 760 1604 rabies
776 1543 893 1610 libidine
907 1544 1089 1622 perditorum
1105 1542 1166 1604 col-

59 1626 145 1689 lecta.
174 1626 264 1687 nihilo
285 1627 384 1688 miuus
403 1633 502 1688 tamen
521 1639 687 1707 perseverat
710 1628 910 1690 dimicantium
926 1628 1023 1701 furor,
1039 1629 1096 1690 illis
1111 1645 1165 1708 pro

62 1711 184 1787 ultione,
200 1711 286 1773 nohis
301 1730 356 1790 pro
372 1711 427 1772 vita
443 1714 650 1791 pugnantibus.
673 1714 756 1774 multi
768 1732 837 1792 ergo
850 1714 986 1793 utrinque
997 1714 1060 1775 sine
1072 1721 1168 1775 morte

63 1796 215 1871 labuntur,
234 1797 333 1877 plures
356 1799 466 1857 cruenti
486 1799 654 1859 vulneribus
674 1800 804 1860 referunt
825 1799 908 1860 veluti
928 1819 962 1860 er
985 1800 1097 1879 proelio
1114 1818 1166 1878 pe-

61 1881 147 1956 dem,
167 1900 222 1943 nec
236 1890 335 1943 tamen
354 1882 525 1961 cuiusquam
542 1883 583 1944 ira
598 1884 718 1945 laxatur.
748 1893 818 1945 tunc
831 1885 1012 1946 fortissimus
1028 1885 1116 1946 Giton
1131 1885 1168 1945 ad

62 1965 154 2029 virilia
169 1985 223 2029 sua
239 1966 367 2028 admovit
381 1969 550 2028 novaculam
566 1969 712 2040 infestam,
728 1969 854 2030 minatus
867 1989 899 2029 se
911 1970 1110 2031 abscissurum
1123 1976 1169 2030 tot

62 2051 247 2118 maer-arum
263 2071 407 2125 caussam,
419 2053 600 2132 inhibuitque
612 2055 782 2134 Tryphaena
793 2061 852 2114 tam
864 2055 971 2133 grande
981 2055 1094 2116 facinus
1106 2072 1167 2115 nou

63 2137 248 2200 dissimulata
263 2136 412 2200 missione.
442 2139 559 2216 saepius
579 2157 632 2218 ego
658 2140 784 2201 cultrum
799 2140 965 2201 tonsorium
978 2159 1067 2219 super
1082 2141 1167 2216 iugu-

61 2223 123 2287 lum
138 2241 238 2285 meum
253 2223 353 2302 posui,
368 2240 428 2283 non
444 2225 536 2300 magis
550 2244 598 2285 me
613 2225 778 2298 occisurum
795 2244 881 2304 quam
898 2226 999 2298 Giton,
1016 2225 1095 2305 quod
1110 2223 1167 2285 mi·

63 2308 200 2381 nahattu,
219 2308 357 2368 lauturus.
388 2309 524 2368 audacius
544 2318 641 2370 tamen
662 2311 708 2370 ille
727 2310 904 2389 tragoediam
927 2311 1080 2389 implebat,
1101 2310 1167 2388 quia

34 2445 36 2451 ,
64 2393 175 2454 sciehat
189 2411 221 2453 se
235 2391 312 2453 illam
329 2393 436 2454 hahere
450 2396 631 2468 novaculam,
648 2414 704 2474 qua
718 2395 775 2456 iam
792 2395 849 2456 sihi
864 2396 1003 2456 cervicem
1019 2395 1167 2474 praecide-

63 2486 116 2557 rat.
161 2484 257 2538 stante
278 2496 347 2556 ergo
368 2487 489 2556 utraque
507 2479 581 2552 acie,
603 2500 668 2540 cum
692 2488 845 2559 appareret
859 2481 990 2540 futurum
1005 2498 1065 2540 uon
1081 2480 1167 2542 trala-

60 2563 162 2624 ticium
178 2562 297 2634 bellum,
320 2582 405 2639 aegre
420 2565 594 2641 expugnavit
613 2565 802 2642 guberuator,
823 2571 856 2624 ut
871 2564 1068 2626 caduceatoris
1084 2584 1168 2626 more

61 2648 235 2728 Tryphaena
257 2647 382 2708 indutias
401 2648 515 2708 faceret.
545 2649 610 2709 data
630 2668 698 2727 ergo
720 2656 894 2727 acceptaque
916 2669 950 2709 ex
970 2668 1054 2710 more
1072 2651 1167 2728 patrio

62 2733 120 2794 fide
135 2733 284 2812 protendit
297 2751 412 2792 ramum
428 2732 517 2793 olivae
532 2734 647 2794 atutela
659 2734 762 2812 navigii
773 2742 905 2812 raptum,
925 2742 1012 2813 atque
1027 2735 1058 2796 in
1076 2735 1167 2795 collo-

63 2836 165 2899 quium
186 2836 281 2877 venrre
296 2836 367 2878 ausa

189 2894 270 2982 tquis
284 2893 379 2963 furor’
396 2903 535 2963 exclamat
545 2893 663 2982 ‘pacem
679 2903 821 2964 convertit
835 2903 865 2963 in
881 2902 983 2965 arma?

209 2988 276 3067 quid
293 2995 412 3048 nostrae
427 3007 561 3050 meruere
576 2986 703 3050 manus?
732 3008 793 3050 non
810 2989 917 3052 Troius
932 2991 1020 3051 heros

206 3072 261 3134 hac
274 3072 304 3133 in
320 3073 410 3133 classe
424 3074 501 3134 vehit
516 3075 627 3151 decepti
643 3075 750 3153 pignus
767 3074 897 3148 Atridae,

207 3177 263 3219 nec
277 3160 374 3219 Medea
388 3159 490 3219 furens
504 3160 633 3220 fraterno
650 3161 792 3237 sanguine
807 3166 925 3236 pugnat.

208 3245 260 3303 sed
276 3251 462 3321 contemptus
479 3263 563 3304 amor
578 3245 652 3305 vires
668 3244 763 3304 habet.
794 3244 820 3302 ei
835 3244 905 3303 mihi
920 3244 978 3304 lata
1085 3261 1099 3308 5

206 3327 263 3388 hos
278 3329 354 3389 inter
369 3329 473 3388 tluctus
490 3329 555 3407 quis
570 3329 661 3407 raptis
677 3336 778 3389 evocat
792 3325 904 3388 armis?

209 3413 254 3474 cui
270 3431 330 3473 nou
346 3422 391 3474 est
407 3433 488 3474 mors
503 3432 562 3474 una
578 3411 672 3475 satis?
702 3431 738 3474 ne
754 3413 859 3473 vincite
874 3420 996 3491 pontum

207 3497 426 3577 gurgitibusque
440 3498 509 3559 feris
525 3499 596 3559 alios
611 3499 758 3560 immittite
773 3491 898 3558 tluctus'

147 3582 221 3643 haec
238 3590 272 3643 ut
289 3583 405 3644 turbato
427 3584 552 3644 clamore
572 3585 676 3644 mulier
690 3584 803 3655 alludit,
823 3582 915 3642 haesit
929 3581 1077 3659 paulisper
1092 3581 1167 3642 acies
1179 3583 1238 3644 109

63 3674 273 3746 revocataeque
292 3669 327 3729 ad
347 3687 449 3748 pacem
472 3688 576 3729 manus
596 3669 778 3730 intermisere
797 3667 915 3727 bellum.
952 3665 1044 3727 utitur
1063 3666 1167 3744 poeni-

63 3751 171 3814 tentiae
193 3753 347 3814 occasione
367 3755 424 3813 dux
439 3754 600 3833 Eumolpos
621 3762 649 3814 et
668 3753 807 3830 castigato
827 3759 892 3812 ante
912 3751 1167 3813 vehementissime

64 3838 151 3899 Licha
166 3837 281 3899 tabulas
296 3838 423 3900 foederis
439 3839 543 3916 signat,
560 3840 625 3919 quis
641 3840 711 3899 haec
725 3837 851 3898 formula
867 3844 942 3897 erat:
955 3828 1005 3897 ‘ex
1020 3837 1063 3897 tui
1078 3836 1168 3897 animi

64 3923 222 3996 sententia,
246 3932 279 3984 ut
296 3924 547 4003 tu,¹Tryphaena,
569 3944 663 4004 neque
683 3923 817 3984 iniuriam
837 3922 889 3983 tibi
908 3922 1014 3983 factam
1031 3941 1047 3983 a
1062 3922 1168 3982 Gitone

64 4007 210 4088 quereris,
231 4026 327 4088 neque
348 4009 373 4070 si
392 4008 461 4088 quid
480 4017 546 4071 ante
559 4011 640 4071 hune
654 4009 730 4070 diem
745 4010 851 4070 lactum
869 4015 927 4082 est,
949 4007 1057 4069 obicies
1073 4006 1168 4068 vindi·
