2646 4710
553 370 704 424 annulus
769 395 775 402 ¹

570 525 690 587 XXXlll

277 631 382 692 Naidas
398 629 507 709 antiqui
522 629 708 708 Dryadasque
723 628 850 690 habuere
863 627 977 716 Priapi,

320 724 349 777 et
365 735 422 796 quo
438 721 517 776 tenta
533 715 579 776 dei
593 731 664 775 vena
681 713 804 786 subiret,
821 719 890 774 erat.

277 820 359 864 nune
373 802 444 863 adeo
461 800 533 862 nihil
548 806 608 872 est,
624 800 696 860 adeo
712 818 775 860 mea
791 799 876 878 plena
891 799 980 860 libide
995 807 1055 874 est,

318 895 352 948 ut
366 886 517 967 Nymphas
534 885 630 945 omnis
646 885 794 945 interiisse
809 891 920 964 putem.

278 980 364 1051 turpe
380 972 496 1052 quidem
512 971 606 1043 factu,
623 970 673 1030 sed
689 988 726 1031 ne
741 969 881 1048 tentigine
895 988 1029 1049 rumpar,

317 1058 388 1118 falce
404 1057 473 1117 mihi
489 1056 584 1136 posita
600 1056 649 1115 fiet
664 1055 756 1116 amica
772 1072 886 1116 manus.

569 1226 702 1287 XXXllll

277 1332 349 1392 Cum
365 1348 479 1391 sacrum
495 1330 577 1389 fieret
592 1330 646 1390 den
664 1328 762 1401 salaci,

277 1416 419 1477 eonducta
435 1423 479 1475 est
493 1415 586 1493 pretio
602 1413 696 1494 puella
711 1432 800 1493 parvo

277 1502 446 1562 eommunis
462 1501 532 1562 satis
549 1499 687 1559 omnibus
701 1500 814 1559 futura:

277 1605 350 1664 quae
366 1594 438 1665 quet
452 1592 537 1645 nnete
552 1585 631 1645 vires
647 1585 758 1663 peregit
771 1601 844 1656 una,

276 1678 321 1730 tot
336 1690 437 1749 verpas
453 1670 504 1730 tibi
520 1669 631 1729 dedicat
646 1669 782 1747 salignas.

577 1839 679 1899 XXXV

276 1941 464 2016 Pedicabere,
477 1943 539 2014 fur,
555 1942 660 2015 semel;
677 1942 818 2002 sedidem

277 2029 302 2088 si
317 2046 443 2107 prensus
458 2027 549 2089 fueris
562 2026 621 2098 bis,
637 2027 797 2088 irrumabo.

278 2114 356 2192 quod
374 2114 398 2173 si
412 2113 494 2174 tertia
510 2112 587 2172 furta
604 2112 747 2184 molieris,

275 2205 307 2258 ut
322 2216 445 2276 poenam
462 2198 571 2276 patiare
586 2205 614 2257 et
628 2197 703 2256 hane
719 2205 748 2258 et
763 2197 854 2269 illam,

276 2282 456 2361 pedicaberis
472 2281 726 2360 irrumaberisque.

569 2451 687 2513 XXXVI

277 2554 367 2613 Notas
384 2553 526 2614 habemus
543 2555 666 2632 quisque
682 2554 815 2633 eorporis
831 2555 957 2615 formas:

276 2639 412 2699 Phoebus
429 2658 583 2712 comesus,
600 2638 737 2700 llercules
753 2639 928 2714 lacertosus3

275 2725 363 2783 trahit
378 2725 498 2802 figuram
515 2724 634 2802 virginis
650 2734 731 2785 tener
746 2724 891 2794 Bacchum

275 2809 401 2869 Minerva
417 2809 490 2868 ssave
507 2809 616 2870 lumine
633 2817 692 2880 est,
709 2811 805 2869 Venus
822 2817 921 2888 paet03

194 2910 204 2934 r
276 2894 373 2954 fronte
389 2893 507 2954 crinitos
524 2895 650 2956 Arcadas
666 2895 744 2954 vides
760 2896 891 2968 Faun0s3

276 2978 362 3037 habet
377 2979 511 3038 decentes
527 2979 648 3039 nuntius
664 2980 750 3040 deum
767 2979 897 3056 plantas3

276 3062 362 3123 tutela
378 3062 479 3121 Lemni
496 3063 628 3141 dispares
645 3071 743 3124 movet
758 3083 892 3141 gressum

275 3148 392 3207 intonsa
408 3167 524 3225 semper
539 3148 711 3226 Aesculapio
728 3148 815 3209 barba
833 3158 890 3225 est3

275 3251 361 3292 neme
378 3240 423 3292 est
437 3233 526 3293 feroci
542 3235 725 3312 pectorosior
741 3235 845 3294 Marte:

278 3319 354 3396 quod
373 3320 397 3377 si
414 3318 478 3396 quis
495 3318 570 3379 inter
585 3320 656 3380 haec
670 3319 752 3380 loeus
770 3319 838 3379 mihi
854 3326 958 3392 restat,

276 3403 347 3464 deus
364 3403 470 3481 Priape
488 3404 673 3464 mentulatier
688 3423 748 3465 non
765 3413 820 3466 est.
930 3398 932 3401 ’

561 3573 690 3633 XXXVll

274 3676 332 3736 Cur
345 3676 456 3753 pletum
472 3674 597 3736 memori
612 3677 650 3736 sit
665 3675 696 3735 in
711 3675 811 3736 tabella

274 3761 455 3833 membrum,
471 3756 625 3839 quaeritis,
640 3760 719 3821 unde
734 3757 946 3839 procreamur?

276 3864 341 3905 cum
358 3845 441 3923 penis
457 3845 529 3905 milii
544 3845 619 3906 ferte
634 3845 730 3905 laesus
747 3854 825 3906 esset

275 3931 460 4009 chirurgique
475 3950 595 3991 manum
612 3930 701 3991 miser
715 3931 864 4005 timerem,

192 4030 206 4080 5
277 4015 321 4076 dis
337 4035 384 4076 me
398 4016 533 4096 legitimis
548 4015 693 4096 nimisque
708 4017 834 4096 magnis,
