2646 4710
558 368 701 438 sirmas
822 335 824 340 ’
870 345 898 420 ᾖ
1139 367 1182 435 29

158 602 278 690 ‘diuque
294 627 409 672 summa
424 609 561 672 carminis
576 626 667 689 penes
683 609 819 687 Mopsum
835 607 978 669 Thracem
993 614 1106 670 morata
1125 600 1182 669 est’

163 781 256 843 donec
270 779 444 842 Trimalchio
457 769 558 860 ‘rogo'
573 778 668 858 inquit
678 771 841 857 ‘magisten
857 778 926 858 quid
942 784 1027 857 putas
1043 778 1119 839 inter
1134 778 1182 839 Ci-

78 874 215 928 ceronem
241 874 269 928 et
287 865 444 927 Publilium
470 862 635 926 interesse?
670 882 723 942 ego
751 863 789 924 alt
777 871 872 925 terum
898 871 970 943 puto
939 863 1181 924 tdisertiorem

77 953 180 1025 luisse,
197 952 319 1013 alterum
332 950 542 1012 honestiorem.
573 949 642 1029 quid
657 949 735 1010 enim
751 949 796 1010 his
812 948 915 1011 melius
931 948 1055 1010 dicit
1001 957 1055 1028 pot
1055 946 1121 1011 ast?

252 1027 406 1098 “luxuriae
420 1036 495 1098 rictu
511 1036 610 1097 Martis
626 1041 758 1096 marcent
771 1034 896 1096 moenia

278 1129 329 1183 tuo
344 1121 441 1201 palato
456 1122 572 1183 clausus
587 1139 661 1201 pavo
677 1120 808 1200 pasoitur

279 1207 410 1286 plumato
426 1206 549 1268 amictus
564 1225 651 1268 aureo
667 1205 859 1285 Babylonico,

278 1291 381 1369 gallina
396 1290 449 1353 tihi
464 1290 632 1363 Numidica,
647 1291 699 1351 tibi
715 1290 804 1368 gallus
820 1290 928 1369 spado;

281 1376 394 1436 ciconia
408 1377 509 1449 etiam,
524 1383 605 1454 grata
621 1374 773 1454 peregrina
788 1373 921 1454 hospita,

278 1460 482 1540 pietaticultrix
496 1460 647 1540 gracilipes
663 1459 848 1533 crotalistria,

274 1545 339 1607 aris
356 1546 421 1607 exul
434 1545 551 1620 hiemis,
565 1545 666 1606 titulus
681 1545 770 1624 tepidi
784 1543 942 1623 temporis,

279 1631 426 1710 nequitiae
440 1630 543 1692 nidum
558 1627 589 1691 ιιι
605 1630 726 1692 caccabo
741 1630 810 1691 fecit
824 1629 924 1690 modo.

279 1734 338 1795 quo
354 1715 509 1795 margarita
525 1734 591 1777 cara
605 1715 670 1789 tibi,
685 1715 803 1777 baccam
817 1713 971 1776 Indicam?
1063 1755 1067 1759 ι

279 1818 316 1862 an
332 1808 364 1862 ut
379 1808 511 1862 matrona
528 1807 631 1862 ornata
645 1799 741 1863 faleris
757 1799 875 1881 pelagiis

278 1886 361 1948 tollat
374 1885 621 1965 pedesindomita
636 1886 666 1946 in
681 1893 773 1947 strato
789 1882 949 1947 extraneo?

278 1972 465 2051 zmaragdum
485 1972 623 2050 adquam
638 1990 701 2032 rem
716 1970 850 2044 viridem,
874 1970 1037 2050 pretiosum
1052 1968 1183 2033 vitrum?

280 2075 338 2153 quo
355 2056 570 2118 Carchedonios
587 2064 671 2136 optas
686 2055 767 2136 ignes
778 2053 934 2136 lapideos?

279 2141 336 2202 nisi
352 2149 383 2203 ut
398 2141 545 2215 scintillet,
560 2141 690 2221 probitas
707 2149 752 2203 est
740 2141 970 2203 t.carbanculus

149 2241 179 2291 15
281 2245 407 2306 aequum
422 2234 467 2288 est
481 2189 601 2288 indrlere
615 2234 736 2325 nuptam
752 2234 870 2288 ventum
885 2226 1025 2301 textilem,

126 2329 136 2335 ·
278 2313 372 2415 palam
389 2319 523 2417 prostare
538 2312 669 2374 nudam
662 2331 692 2373 ιιι
707 2312 810 2374 nebula
825 2304 942 2376 linea?”

164 2396 243 2475 quod
259 2389 372 2459 autem'
391 2397 487 2477 inquit
497 2390 651 2478 ‘putamus
672 2398 833 2460 secundum
852 2397 961 2460 litteras
982 2396 1181 2458 difficillimum
1199 2400 1239 2462 56

79 2498 145 2541 ιιιι
170 2480 345 2543 artificium?
374 2501 428 2562 ego
454 2489 526 2562 puto
553 2483 699 2544 medicum
719 2491 747 2543 ιι
770 2482 1014 2544 nummularium:
1042 2482 1181 2556 medicus,

79 2563 129 2644 qui
149 2565 203 2625 soit
222 2566 291 2644 quid
312 2567 524 2630 homunciones
542 2569 619 2629 intra
633 2568 802 2648 praecordia
817 2586 869 2629 sua
884 2567 1008 2628 habeant
996 2573 1051 2627 tet
1066 2567 1182 2645 quando

76 2649 168 2711 febris
183 2650 288 2728 veniat,
304 2651 390 2713 etiam
406 2653 430 2713 si
441 2652 505 2714 illos
518 2653 567 2714 odi
577 2654 714 2732 pessime,
730 2653 808 2732 quod
820 2653 892 2713 mihi
903 2652 1004 2714 iubent
1015 2669 1101 2730 saepe
1113 2670 1183 2712 ana-

77 2735 169 2796 tinam
185 2737 295 2814 parari;
314 2738 535 2812 nummularius,
552 2739 602 2817 qui
617 2758 669 2818 par
684 2746 836 2816 argentum
853 2757 901 2798 aes
916 2737 1001 2798 ridet.
1031 2753 1100 2796 nam
1117 2755 1182 2798 mu-

78 2828 125 2882 tae
139 2819 249 2882 bestiae
263 2821 511 2885 laboriosissimae
526 2824 615 2885 hoves
630 2831 659 2884 et
674 2841 760 2884 ores:
781 2822 884 2896 hoves,
900 2840 1025 2901 quorum
1041 2821 1182 2882 beneficio

77 2922 185 2985 panem
200 2907 423 2983 manducamus3
440 2928 517 2982 oves,
535 2908 613 2988 quod
628 2908 692 2970 lana
708 2908 771 2970 illae
785 2925 841 2968 nos
857 2908 1003 2986 gloriosos
1014 2906 1132 2969 faciunt.
1156 2915 1185 2969 et

76 2990 190 3052 lacinus
205 2991 371 3073 indignum,
394 2994 496 3074 aliquis
516 2995 691 3055 ovillamt
646 3001 691 3055 est
709 3001 738 3055 et
751 2993 880 3055 tunicam
896 2993 991 3054 hahet,
1022 3011 1090 3072 apes
1105 2993 1184 3053 enim

78 3095 132 3155 ego
153 3076 263 3139 divinas
277 3077 349 3139 hes
329 3087 384 3140 ras
400 3086 487 3160 puto,
508 3099 580 3159 quae
595 3079 652 3140 mel
666 3087 802 3152 vomunt
823 3080 907 3140 etiam
923 3098 947 3138 ιι
941 3078 1063 3139 dicunt
1065 3077 1183 3139 urillud

35 3169 38 3171 ’
77 3161 176 3222 ιιιιι
190 3163 307 3239 afferre3
329 3164 395 3224 ideo
412 3171 508 3226 autem
524 3173 671 3245 pungunt,
693 3165 758 3244 quia
774 3164 951 3243 ubicumque
966 3162 1049 3224 dulce
1064 3169 1122 3236 est,
1144 3163 1184 3224 ibi

78 3254 108 3307 et
121 3247 258 3309 acidum
250 3240 398 3310 invenies.²

163 3333 219 3394 iam
246 3333 330 3394 etiam
351 3333 545 3414 philosophos
566 3333 601 3393 de
621 3339 711 3412 negot
712 3332 739 3393 io
698 3332 913 3406 tdeiciehat‚
935 3353 1001 3395 cum
1021 3334 1161 3414 pittacia'
1153 3352 1183 3395 ιιι

79 3417 190 3496 scypho
211 3417 391 3481 circumferri
411 3425 583 3522 coeperunt,
600 3436 729 3498 puerque
745 3436 834 3522 super
849 3417 907 3480 hoc
922 3418 1035 3497 positus
1053 3419 1184 3480 officium

78 3504 261 3582 apophoreta
272 3504 411 3566 recitarit.
430 3496 544 3582 ‘argent
545 3522 594 3564 um
610 3504 809 3565 sceleratum:
826 3502 891 3564 allat
879 3511 908 3564 ta
923 3511 968 3564 est
979 3521 1078 3583 perna,
1095 3523 1184 3608 super

79 3605 168 3685 quam
182 3589 328 3651 acetabula
343 3589 540 3694 erantposita.
566 3579 731 3650 ‘cervical':
749 3587 1099 3650 oillacollarisallataest
1122 3582 1183 3650 ‘s-e

77 3672 203 3777 risapia
205 3680 234 3734 et
252 3666 450 3735 contumelia:
468 3674 660 3777 aecrophagie
675 3675 751 3735 saele
765 3674 848 3736 datae
869 3681 938 3735 sunt
952 3681 981 3735 et
995 3681 1100 3736 contus
1116 3693 1183 3736 ιιιιιι

78 3750 203 3819 ιιιιιο.(
209 3758 290 3861 porri
305 3767 334 3819 et
352 3749 491 3838 persica':
510 3758 654 3838 flagellum
670 3766 699 3820 et
714 3759 838 3820 cultrum
855 3760 978 3856 accepit3
990 3752 1140 3838 ‘passeres
1155 3767 1184 3821 et

78 3834 284 3904 muscarium:
299 3862 383 3904 uvam
399 3862 527 3948 passam
533 3845 633 3906 etmel
648 3843 784 3906 Atticum.
811 3838 970 3906 ‘cenatoria
986 3851 1015 3906 et
1028 3839 1183 3907 forensia':

79 3927 177 3989 offlam
198 3935 228 3989 et
241 3926 352 3989 tabulas
372 3930 492 4010 accepit
517 3920 631 3992 ‘canale
651 3937 680 3990 et
699 3920 828 4008 pedale’:
847 3929 928 4009 lepus
943 3936 973 3990 et
986 3931 1064 3991 solea
1080 3938 1125 3990 est
1139 3930 1183 3990 al-

78 4003 188 4074 lata‘
194 4031 333 4075 muraena
358 4021 387 4078 et
414 4005 535 4077 littera':
565 4034 681 4078 murem
702 4032 768 4076 cum
789 4033 858 4078 rana
880 4015 991 4095 alligata
1016 4015 1183 4095 fascemque
