2646 4710
152 370 193 432 64
623 367 781 421 Purncnu

153 522 267 584 cabisve
287 529 337 583 aut
355 522 414 583 ullo
430 522 485 583 alio
501 539 606 601 genere
620 523 855 602 persequendum
870 522 999 595 curabis;
1018 529 1052 583 ut
1064 529 1097 584 tu
1112 524 1187 586 nihil
1201 525 1253 607 im·

152 607 268 688 perabis
283 626 376 688 puero
393 608 579 686 repugnanti,
594 625 656 668 non
671 608 850 687 amplexum,
873 625 935 668 non
951 609 1094 682 osculum,
1115 627 1179 670 non
1195 609 1254 671 coi-

151 699 214 754 tum
234 711 339 754 venerc
354 693 561 766 constrictum,
584 693 641 752 nisi
661 711 715 771 pro
737 712 794 771 qua
814 700 1033 772 repraesentes
1054 696 1253 757 numeraveris

152 777 287 839 denarios
304 785 484 840 centumt
461 779 543 852 it,em
559 778 663 849 Licha,
680 797 715 837 ιιι
729 778 772 837 tui
786 779 875 839 animi
890 786 955 838 scut
943 779 1040 851 t,entia
1054 785 1112 840 utt
1100 780 1254 841 tuEncol-

150 864 222 943 pion
242 882 297 924 nec
315 864 403 925 verbo
425 871 494 924 cont
482 864 665 924 tumelioso'
658 864 820 959 insequeris
840 881 894 924 nec
908 862 1002 936 vult,u
1023 882 1120 960 neque
1135 881 1253 943 quaeres

151 949 201 1009 ubi
216 957 303 1009 nocte
319 948 452 1021 dormiat,
467 958 517 1010 aut
532 948 557 1008 si
573 948 741 1050 quaesieris,
757 967 811 1026 pro
827 949 968 1026 singulis
962 949 1075 1009 iniuriis
1087 950 1254 1012 numerabis

152 1041 321 1113 praesentes
345 1034 481 1094 denarios
498 1023 648 1094 ducenos.³
676 1034 705 1092 in
722 1034 794 1093 haec
808 1034 892 1094 verba
912 1034 1080 1094 foederibus
1101 1036 1253 1131 composi·

152 1121 190 1180 tis
211 1137 290 1180 arma
310 1119 486 1198 deponimus
509 1127 538 1179 ct
557 1135 593 1178 ne
607 1118 749 1178 residua
742 1136 772 1177 ιιι
792 1118 896 1179 animis
916 1119 1002 1179 etiarn
1024 1125 1093 1197 post
1107 1119 1253 1181 iusiuran-

152 1205 245 1265 dum
239 1223 280 1264 rra
295 1213 467 1278 remaneret,
482 1203 635 1282 praeterita
650 1202 759 1263 aboleri
776 1203 886 1263 osculis
901 1203 1003 1283 placet.
1033 1204 1254 1266 exhortantibus

151 1289 295 1351 universis
312 1289 378 1349 odia
393 1285 605 1360 detumescunt,
626 1288 783 1367 epulaeque
798 1289 834 1349 ad
850 1298 997 1349 certamen
1011 1289 1141 1366 prolatae
1155 1292 1254 1351 conci·

150 1375 221 1436 liant
236 1373 378 1435 hilaritate
399 1374 595 1435 concordiam.
631 1380 736 1433 exonat
755 1391 823 1452 ergo
840 1373 971 1434 cantibus
986 1381 1081 1434 totum
1096 1375 1253 1453 navigium,

151 1468 180 1521 et
195 1461 260 1539 quia
275 1460 429 1537 repentina
443 1459 633 1536 tranquillitas
649 1459 844 1518 intermiserat
859 1477 989 1530 cursum,
1006 1459 1079 1519 alius
1094 1460 1253 1521 exultantes

150 1545 305 1624 quaerebat
315 1545 467 1604 lusciua'
440 1563 544 1623 pisces,
553 1543 625 1603 alius
638 1544 731 1603 hamis
739 1544 953 1604 blandientibus
966 1543 1158 1635 compellebat
1169 1564 1252 1623 prae-

151 1631 218 1691 dam
233 1637 454 1707 repugnantem.
484 1647 551 1689 ecce
571 1629 656 1688 etiam
677 1647 728 1706 per
748 1636 903 1688 antennam
920 1629 1046 1724 pelagiae
1061 1622 1254 1690 consederant

150 1715 292 1784 volucres
308 1733 381 1792 quas
396 1720 457 1774 tter
458 1713 482 1773 is
445 1712 709 1773 tharuudinibus
724 1714 834 1790 peritus
850 1714 951 1773 artilex
962 1713 1062 1792 tetigit.
1043 1713 1186 1774 tibae
1160 1733 1253 1776 visca-

148 1799 187 1860 tis
202 1798 322 1881 illigatae
337 1799 492 1859 viminibus
508 1798 711 1859 deferebantur
726 1798 760 1859 ad
777 1817 892 1859 manus.
921 1798 1038 1858 tollebat
1052 1799 1169 1878 plumas
1185 1817 1253 1861 aura

149 1885 312 1956 volitantes,
327 1901 499 1962 pennasque
513 1902 565 1963 per
580 1882 671 1943 maria
686 1883 781 1944 inanis
798 1903 902 1962 spuma
917 1883 1081 1962 torquebat.

235 1970 292 2032 iam
304 1969 408 2030 Lichas
424 1969 517 2031 redire
532 1987 648 2029 mecum
663 1967 830 2046 ingratiam
848 1976 992 2047 coeperat,
1008 1968 1065 2028 iarn
1078 1969 1253 2048 Tryphaena

150 2054 255 2115 Gitona
274 2060 402 2115 extrema
422 2062 504 2133 parte
525 2054 654 2133 potionis
678 2054 846 2133 spargebat,
870 2073 936 2114 cum
956 2053 1120 2132 Eumolpus
1140 2055 1253 2134 etipse

148 2139 216 2201 vino
241 2140 354 2200 solutus
377 2140 453 2199 dicta
475 2139 566 2200 voluit
587 2139 618 2198 in
640 2140 739 2199 calvos
763 2139 982 2217 stigmososque
1002 2139 1131 2214 iaculari,
1157 2139 1253 2202 donec

148 2230 324 2303 consumpta
338 2223 526 2302 frigidissima
541 2223 704 2284 urbanitate
725 2225 810 2285 rediit
829 2225 864 2284 ad
885 2224 1014 2285 carmina
1030 2241 1083 2285 sua
1097 2224 1253 2306 coepitque

148 2310 319 2412 capillorum
335 2308 510 2386 elegidarion
526 2307 635 2368 dicere:
1017 2342 1019 2349 ι

273 2385 369 2471 ‘quod
384 2411 534 2454 summum
549 2393 663 2453 formae
680 2393 830 2453 decust
785 2398 842 2465 est,
858 2393 987 2454 cecidere
1001 2393 1108 2473 capilli,

333 2484 455 2539 vernant
456 2497 544 2557 esque
559 2497 658 2538 comas
675 2478 741 2537 trist
742 2478 767 2538 is
783 2478 878 2556 abegit
892 2479 995 2541 hiems.

290 2581 370 2625 nunc
384 2563 488 2625 umbra
504 2564 610 2624 nudata
627 2581 678 2623 sua
693 2563 750 2623 iam
766 2570 901 2641 tempora
916 2573 1060 2639 maerent,
1095 2608 1098 2613 -

332 2668 456 2727 areaque
471 2649 575 2709 attritis
591 2649 667 2708 ridet
681 2648 784 2708 adusta
799 2648 874 2726 pilis.

232 2750 247 2798 5
292 2734 408 2795 olallax
423 2742 527 2795 natura
541 2735 641 2795 deum:
659 2751 731 2812 quae
747 2733 840 2812 prima
857 2734 962 2795 dedisti

331 2826 406 2879 aetat
377 2820 414 2879 ai
431 2827 500 2879 nost
501 2838 549 2879 rae
564 2819 679 2897 gaudia,
695 2818 789 2897 prima
804 2810 902 2896 rapis?

398 2894 458 2963 ‘inf
445 2903 524 2975 felir,
540 2896 629 2962 modo
646 2903 775 2964 crinibus
791 2911 834 2962 nrt
814 2903 904 2962 tebas

410 2987 530 3048 Phoebo
547 2987 675 3065 pulcrior
689 2996 717 3048 et
731 3004 834 3046 sorore
849 2987 975 3053 Phoebi

411 3079 440 3130 ιι
453 3089 533 3131 nunc
547 3072 636 3132 levior
651 3089 716 3132 aere
733 3071 775 3130 vel
791 3071 920 3131 rotundo

411 3157 487 3217 horti
503 3156 617 3228 tubere,
634 3157 712 3234 quod
728 3157 833 3216 creavit
847 3156 937 3226 unda,

331 3258 345 3306 5
410 3241 538 3303 ridentes
553 3241 630 3320 iugis
646 3249 675 3302 et
688 3241 774 3302 times
790 3241 908 3320 puellas.

410 3333 444 3387 ut
457 3334 584 3387 mortem
601 3327 685 3388 citius
701 3326 798 3387 venire
814 3327 928 3397 credas,

411 3411 483 3473 scito
498 3412 555 3472 iam
571 3413 675 3490 capitis
691 3412 806 3490 perisse
821 3401 952 3491 partem.³
1028 3435 1031 3439 ·

77 3498 136 3558 110
231 3497 315 3575 plura
329 3496 444 3558 volebat
457 3497 597 3577 prolerre,
613 3497 709 3569 credo,
723 3504 751 3556 et
765 3496 908 3575 ineptiora
923 3495 1095 3574 praeteritis,
1112 3513 1179 3557 cum
1194 3515 1247 3558 an-

145 3581 207 3643 cilla
219 3582 406 3661 Tryphaenae
422 3581 525 3641 Gitona
539 3581 569 3641 in
585 3587 695 3659 partem
713 3581 794 3641 navis
809 3582 977 3642 inferiorem
989 3581 1069 3642 ducit
1081 3580 1258 3661 corymbio-

145 3685 200 3745 que
220 3667 355 3727 dominae
375 3666 457 3745 pueri
477 3666 600 3728 adornat
619 3673 714 3744 caput.
744 3665 835 3725 immo
858 3666 1011 3745 supercilia
1033 3667 1120 3727 etiam
1136 3667 1250 3745 profert

145 3752 181 3812 de
205 3752 309 3830 pyxide
332 3752 460 3829 sciteque
482 3751 608 3813 iacturae
630 3750 795 3810 liniamenta
816 3759 914 3811 secuta
937 3758 1029 3812 totam
1055 3751 1094 3811 illi
1119 3751 1248 3814 formam

143 3855 226 3898 suam
243 3836 375 3897 reddidit.
407 3836 524 3913 agnovit
539 3835 711 3915 Tryphaena
726 3853 826 3895 verum
842 3836 961 3909 Gitona,
984 3836 1168 3914 lacrimisque
1183 3842 1247 3898 tur-

142 3921 208 3983 bata
223 3927 295 3982 tunc
309 3921 438 4000 primum
453 3922 531 3982 bona
546 3921 603 3981 tide
619 3938 711 3998 puero
726 3919 840 3982 basium
856 3922 943 3982 dedit.
988 3941 1042 4000 ego
1059 3921 1144 3982 etiam
1161 3920 1186 3980 si
1198 3941 1247 3983 re·

143 4007 274 4086 positum
294 4007 324 4068 in
344 4006 501 4086 pristinum
523 4006 659 4066 decorem
681 4023 805 4084 puerum
831 4007 1004 4084 gaudebam,
1030 4006 1247 4068 abscondebam
