2646 4710
127 372 169 438 24
604 366 761 422 rnraomr

127 543 238 588 vorem.
268 523 344 587 scias
361 530 486 605 oportet,
500 523 596 602 plenis
611 523 680 585 vebs
695 524 775 585 bunc
787 521 973 584 vinciturum.
1002 527 1031 583 et
1041 539 1153 596 revera,
1170 522 1244 602 quid

127 611 175 674 ille
193 610 280 672 nobis
299 610 370 672 boni
390 607 480 671 lecit?
510 609 590 670 dedit
609 610 781 688 gladiatores
803 607 999 671 sestertiarios
1017 607 1075 668 iam
1102 607 1243 688 decrepi-

126 704 190 769 tos,
212 714 288 776 quos
308 695 334 758 si
354 695 520 766 suillasses‚
548 694 736 769 cecidissent3
761 695 817 755 iam
838 695 975 755 meliores
995 692 1151 754 bestiarios
1171 692 1243 754 vidi.

127 781 235 844 occidit
248 776 285 843 dc
295 782 413 844 lucerna
427 779 549 859 equites,
565 788 683 859 putares
698 798 750 841 eos
767 780 858 858 gallos
874 779 1061 858 gallinaceos3
1077 778 1151 859 alter
1166 778 1241 840 bur-

128 867 358 944 cubastaalter
371 865 496 946 loripes,
511 865 659 926 tertiarius
674 872 811 926 mortuus
827 882 881 944 pro
898 871 1032 936 mortuo,
1049 863 1098 943 qui
1113 863 1243 925 habebat

127 953 227 1014 nervia
246 952 386 1032 praecisa.
416 969 494 1013 unus
515 950 637 1011 alicuius
659 951 778 1013 llaturae
798 950 852 1011 fuit
867 951 996 1022 Tbraer,
1012 949 1062 1028 qui
1077 949 1188 1027 etipse
1203 950 1241 1011 ad

128 1037 233 1100 dictata
253 1037 400 1117 pugnavit.
431 1037 466 1098 ad
485 1053 647 1111 summam,
667 1053 772 1096 omnes
792 1043 895 1115 postca
916 1034 987 1095 secti
1007 1040 1090 1107 sunt3
1111 1034 1186 1095 adeo
1204 1035 1241 1095 de

128 1140 232 1202 magna
247 1121 332 1184 turba
344 1111 515 1182 “adhibete''
527 1128 708 1201 acceperant,
724 1120 808 1200 plane
818 1121 903 1199 fugae
914 1138 1022 1181 merae.
1041 1109 1180 1181 “munus
1191 1126 1255 1180 ta->

127 1198 216 1269 men''
232 1207 325 1288 inquit
335 1197 413 1267 “tibi
428 1197 525 1280 dedi''‚
541 1199 570 1266 01
584 1225 637 1286 ego
653 1206 707 1267 tibi
722 1207 821 1286 plodo.
852 1212 1000 1284 computa,
1016 1211 1045 1265 01
1054 1203 1106 1265 tibi
1118 1205 1187 1284 plus
1200 1205 1240 1265 do

72 1291 113 1352 46
124 1312 216 1397 ι00010
228 1292 335 1373 accepi.
348 1309 453 1353 manus
465 1309 585 1353 manum
596 1293 678 1353 lavat.
695 1291 801 1353 videris
812 1291 893 1365 mihi,
906 1292 1115 1370 Agamemnon,
1127 1290 1240 1351 dicere:

149 1377 219 1458 quid
234 1378 290 1440 iste
304 1384 418 1457 argutat
428 1368 614 1440 molestus‘l'’
639 1376 705 1458 quia
716 1385 757 1451 tu,
775 1377 824 1457 qui
836 1384 921 1458 potes
932 1376 1023 1455 loqui,
1035 1393 1096 1437 non
1107 1375 1241 1455 loquere.

128 1481 190 1525 non
212 1482 244 1525 es
263 1471 382 1526 nostrae
396 1463 514 1537 fasciae,
530 1469 559 1522 et
574 1462 639 1523 ideo
655 1480 853 1543 pauperorum
868 1461 956 1524 verba
972 1461 1094 1522 derides.
1125 1462 1240 1522 scimus

128 1556 157 1610 10
175 1567 247 1629 prae
264 1549 373 1610 litteras
393 1548 507 1610 fatuum
529 1566 604 1609 esse.
634 1547 702 1626 quid
718 1567 787 1626 ergo
804 1545 871 1608 est?
901 1547 994 1626 aliqua
1010 1546 1055 1609 die
1069 1554 1098 1607 te
1112 1565 1241 1626 persua-

129 1634 213 1694 deam
233 1641 267 1695 ut
290 1633 325 1694 ad
347 1632 441 1694 villam
463 1632 560 1694 venias
583 1639 611 1694 et
632 1633 729 1693 videas
753 1633 865 1694 casulas
888 1629 1029 1693 nostras?
1055 1632 1241 1695 inveniemus

129 1719 209 1798 quod
224 1720 444 1794 manducemus,
458 1717 582 1797 pullum,
598 1736 665 1779 ova:
680 1717 752 1796 belle
763 1719 826 1791 erit,
841 1719 929 1779 etiam
942 1718 966 1779 si
979 1717 1079 1779 omnia
1089 1718 1148 1779 boc
1159 1736 1240 1780 anno

127 1810 289 1883 tempestas
317 1804 436 1885 dispare
456 1803 587 1884 pullavit:
607 1803 790 1866 inveniemus
811 1822 880 1882 ergo
907 1803 985 1864 unde
1011 1803 1103 1864 saturi
1121 1804 1241 1869 bamus.

128 1889 215 1951 etiam
230 1889 282 1951 tibi
297 1889 458 1968 discipulus
473 1888 578 1950 crescit
593 1889 687 1950 cicaro
700 1908 794 1953 meus.
823 1889 881 1950 iam
892 1897 1029 1968 quattuor
1044 1888 1136 1969 partis
1152 1889 1241 1967 dicit,

129 1974 154 2036 si
168 1974 279 2048 vixerit,
295 1974 416 2038 habebis
432 1975 468 2037 ad
482 1975 558 2036 latus
575 1975 732 2036 servulum.
756 1993 825 2036 nam
841 1974 978 2054 quicquid
991 1973 1030 2034 illi
1042 1980 1132 2048 vacat,
1149 1982 1242 2054 caput

127 2061 164 2137 de
185 2060 281 2123 tabula
296 2079 358 2123 non
373 2060 457 2122 tollit.
488 2059 658 2140 ingeniosus
679 2067 725 2121 est
743 2068 772 2122 et
790 2060 869 2122 bono
890 2060 952 2133 lilo,
973 2060 1059 2120 etiam
1080 2059 1105 2119 si
1124 2059 1154 2121 in
1170 2079 1240 2123 aves

30 2217 32 2219 ,
128 2145 288 2207 morbosus
309 2152 362 2207 est.
393 2164 446 2223 ego
466 2144 505 2205 illi
526 2145 583 2206 iam
604 2153 664 2207 tres
687 2145 815 2208 cardeles
835 2145 928 2207 occidi
948 2153 976 2206 et
996 2144 1053 2205 dixi
1073 2144 1153 2224 quod
1168 2165 1240 2209 mu·

128 2231 209 2293 stella
224 2231 359 2292 comedit.
389 2230 498 2291 invenit
517 2237 617 2291 tamen
635 2231 703 2293 alias
723 2231 856 2303 naenias,
878 2238 907 2291 et
925 2230 1118 2292 libentissime
1133 2229 1240 2311 pingit.

129 2323 258 2378 ceterum
277 2316 339 2400 iam
352 2315 499 2377 Graeculis
520 2315 627 2377 calcem
646 2315 781 2395 impingit
800 2323 834 2376 etv
842 2315 958 2378 Latinas
975 2317 1072 2396 coepit
1085 2333 1147 2376 000
1163 2318 1241 2379 male

129 2408 276 2482 appetere,
292 2401 378 2463 etiam
395 2401 420 2463 si
435 2400 575 2480 magister
589 2401 650 2464 eius
667 2401 722 2462 sibi
737 2402 853 2481 placens
870 2402 916 2462 sit.
946 2420 1001 2463 nec
1011 2420 1071 2463 uno
1083 2402 1149 2463 loco
1162 2420 1240 2464 con-

129 2486 218 2559 sistit,
241 2487 294 2548 sed
314 2487 406 2561 venit,
426 2487 494 2548 dem
514 2487 637 2559 litteras,
658 2486 710 2548 sed
730 2505 790 2548 non
811 2488 870 2549 vult
891 2487 1032 2548 laborare.
1063 2494 1151 2548 estet
1166 2488 1241 2550 01101

14 2578 18 2586 “
128 2590 189 2634 000
206 2572 325 2653 quidem
340 2573 455 2645 doctus,
468 2572 520 2633 sed
537 2573 681 2646 curiosus,
698 2573 748 2651 qui
764 2573 830 2652 plns
843 2572 927 2634 docet
943 2592 1029 2654 quam
1046 2573 1109 2634 scit.
1139 2572 1240 2654 itaque

128 2658 237 2720 10110110
252 2657 356 2720 diebus
372 2658 447 2719 solet
462 2658 584 2719 domum
600 2658 712 2732 venire,
735 2665 764 2720 et
779 2658 915 2738 quicquid
930 2659 1060 2732 dederis,
1080 2666 1239 2722 contentus

130 2751 183 2805 est
215 2744 271 2806 emi
287 2763 355 2824 ergo
371 2760 450 2806 nunc
465 2762 557 2824 puero
574 2743 684 2823 aliquot
697 2744 770 2806 libra
784 2745 936 2816 rubricata,
953 2744 1019 2822 qnia
1030 2743 1095 2804 volo
1107 2743 1189 2804 illum
1201 2747 1239 2807 ad

129 2829 337 2891 domusionem
358 2829 464 2907 aliquid
487 2829 523 2889 de
538 2829 600 2890 iure
614 2838 740 2908 gustare.
770 2830 858 2890 babet
873 2830 944 2889 baec
958 2848 1005 2889 res
1022 2832 1136 2908 panem.
1167 2847 1240 2891 nam

128 2913 233 2974 litteris
250 2913 321 2974 satis
336 2911 504 2991 inquinatus
520 2920 573 2972 est.
604 2915 682 2992 quod
699 2915 723 2975 si
739 2913 881 2985 resilierit,
898 2911 1037 2973 destinavi
1052 2913 1131 2972 illum
1144 2916 1240 2977 artili-

130 2996 166 3058 cii
188 2997 306 3071 docere,
328 3004 378 3057 aut
399 2996 595 3058 tonstreinum
614 3005 664 3058 aut
682 3014 860 3076 praeconem
880 3003 930 3056 aut
951 3004 1027 3057 certe
1047 2997 1239 3077 causidicum,

23 3124 32 3133 -
130 3082 209 3185 puod
234 3081 275 3143 illi
301 3081 500 3144 0010110000
523 3081 619 3160 possit
640 3082 698 3142 nisi
719 3082 822 3143 Orcus.
853 3081 918 3142 ideo
941 3081 981 3142 illi
1002 3081 1107 3142 cotidie
1128 3082 1239 3148 clamo:

125 3161 135 3186 ‘
152 3166 321 3247 Primigeni,
338 3167 422 3228 crede
438 3166 524 3239 mibi,
542 3166 679 3246 quicquid
696 3167 793 3241 discis,
808 3157 860 3229 tibi
877 3167 974 3228 discis.
1006 3166 1238 3231 0010οΡ111010-

129 3269 197 3313 nem
214 3252 405 3314 causidicum:
429 3252 453 3312 01
474 3270 534 3314 000
550 3251 712 3327 didicisset,
735 3253 823 3314 bodie
838 3254 945 3314 famem
963 3271 978 3313 a
993 3251 1080 3314 labris
1096 3271 1157 3314 non
1174 3255 1238 3317 abi-

130 3345 218 3416 geret.
252 3337 357 3411 modo,
383 3338 472 3398 modo
493 3337 567 3399 collo
589 3356 643 3400 suo
665 3338 885 3400 circumferebat
906 3356 993 3399 onera
1013 3337 1136 3411 venalia,
1157 3358 1239 3404 nunc

129 3422 215 3484 etlam
239 3423 378 3485 adversus
400 3422 570 3485 Norbanum
594 3441 625 3484 sc
648 3423 783 3486 extendit.
814 3424 924 3486 litterae
943 3423 1113 3484 thesaurum
1129 3433 1188 3498 est,
1210 3434 1240 3488 01

130 3507 285 3570 artificium
300 3526 450 3588 uunquam
467 3498 619 3570 moritur.''

74 3599 115 3660 47
216 3594 360 3656 eiusmodi
374 3594 489 3656 fabulae
504 3593 663 3668 vibrabant,
681 3612 746 3656 cum
757 3593 933 3655 Trimalchio
950 3591 1065 3654 intravit
1079 3601 1108 3655 01
1123 3595 1238 3657 1010100

129 3679 228 3741 fronte
247 3687 398 3784 unguento
419 3695 524 3741 manus
544 3678 611 3740 lavit
631 3679 784 3760 spatioque
803 3679 925 3739 minimo
942 3679 1115 3759 interposito
1133 3670 1238 3759 ‘igno-

132 3764 203 3826 scite
218 3764 290 3826 mibi
318 3763 413 3844 inquit
423 3754 530 3842 ‘amici
547 3763 1237 3845 10011101οη111010010010101111100010ορ00-

130 3851 182 3912 dit
212 3867 268 3912 nec
287 3849 391 3912 medici
414 3849 622 3913 00100001οη1
653 3849 765 3930 proluit
783 3849 853 3910 milri
875 3857 974 3911 tamen
989 3851 1189 3912 maleicorium
1209 3860 1239 3913 et

129 3936 213 3997 taeda
233 3954 267 3998 er
286 3943 379 3998 00010.
409 3953 497 4016 spero
517 3944 629 4009 tamen,
651 3935 707 3997 iam
723 3942 848 3997 veterem
865 3935 1009 4015 pudorem
1025 3936 1079 3998 sibi
1094 3936 1237 4014 imponet

130 4020 258 4104 alioquin
273 4019 348 4087 circa
364 4022 549 4085 stomachum
564 4021 636 4084 mihi
652 4027 746 4099 sonat,
760 4029 848 4104 putes
863 4031 988 4085 taurum.
1020 4021 1115 4101 itaque
1130 4021 1155 4082 01
1170 4022 1237 4102 quis
