2646 4710
147 365 188 429 ’14
619 367 775 421 ruxucnn

248 523 349 602 ecquid
365 522 499 584 Romano
515 524 607 585 sentis
622 531 651 585 te
665 524 796 603 pondere
810 524 928 598 victam,

248 627 302 669 nec
316 603 405 688 posse
420 609 541 669 ulterius
556 610 715 688 perituram
731 609 867 670 extollere
882 609 1012 671 molem?

197 727 198 730 ¹
247 695 310 774 ipsa
327 712 395 754 suas
412 695 485 755 vires
501 695 562 756 odit
577 696 710 756 Romana
724 695 858 757 iuventus

181 795 213 845 05
249 788 278 841 01
292 798 364 859 quas
381 780 486 841 struxit
501 799 587 858 opes,
602 782 677 841 male
692 781 825 842 sustinet.
857 781 953 860 aspice
969 782 1024 842 late

245 865 388 926 luxuriam
404 865 567 944 spoliorum
583 873 612 926 et
626 883 745 927 censum
761 866 791 927 in
807 867 911 927 damna
927 866 1081 928 furentem.

247 950 399 1011 aedificant
414 968 485 1010 auro
501 952 644 1030 sedesque
659 952 695 1012 ad
712 949 807 1012 sidera
822 954 955 1023 mittunt,

247 1035 430 1115 expelluntur
444 1053 534 1114 aquae
549 1036 640 1109 saxis,
656 1055 737 1098 mare
751 1037 881 1098 nascitur
896 1037 986 1112 arvis,

248 1127 277 1181 et
291 1128 455 1200 permutata
470 1139 569 1182 rerum
586 1121 712 1183 statione
726 1122 874 1183 rebellant.

181 1221 214 1271 00
249 1224 285 1266 00
301 1206 386 1266 etiam
403 1224 467 1266 mea
482 1224 571 1284 regna
587 1215 698 1286 petunt.
728 1207 862 1287 perfossa
878 1207 1002 1268 dehiscit

246 1291 374 1352 molibus
389 1291 499 1352 insanis
515 1293 614 1365 tellus,
630 1294 687 1353 iam
702 1293 856 1354 montibus
871 1293 983 1354 haustis

247 1385 330 1438 antra
347 1384 479 1455 gemunt,
496 1384 525 1438 et
540 1378 610 1439 dum
625 1394 717 1439 vanos
733 1379 806 1457 lapis
822 1378 931 1439 invenit
945 1397 1031 1452 usus,

247 1462 353 1523 inferni
369 1481 470 1524 manes
487 1463 597 1524 caelum
613 1482 732 1542 sperare
745 1464 880 1525 fatentur.

247 1566 335 1627 qnare
351 1566 416 1626 age,
433 1549 523 1621 Fors,
539 1555 618 1609 muta
633 1557 766 1628 pacatum
782 1549 812 1609 in
827 1548 936 1628 proelia
951 1549 1062 1610 vultum

180 1648 212 1698 95
248 1633 457 1712 Romanosque
473 1633 516 1693 cie
530 1652 563 1694 00
578 1634 689 1695 0001110
704 1634 740 1694 da
755 1634 858 1695 funera
872 1634 980 1712 103010.

246 1718 302 1777 1010
319 1718 433 1797 pridem
449 1718 528 1778 nullo
544 1718 748 1797 perfundimus
765 1733 816 1780 ora
832 1738 950 1792 cruore,

246 1820 301 1864 000
316 1822 381 1864 mea
397 1803 560 1883 Tisiphone
576 1804 707 1866 sitientes
723 1804 831 1884 perluit
845 1812 939 1878 01100,

247 1907 281 1949 ex
296 1907 354 1967 quo
372 1889 507 1950 Sullanus
522 1889 596 1951 bibit
609 1891 689 1951 ensis
705 1897 734 1951 et
748 1890 867 1951 horrida
882 1890 965 1951 tellus

247 1974 348 2034 extulit
362 1974 392 2034 in
407 1975 501 2035 lucem
517 1975 641 2036 nutritas
658 1976 799 2054 sanguine
813 1965 940 2054 fruges.n

78 2065 134 2126 121
165 2073 213 2124 100
291 2061 362 2120 11000
375 2059 426 2120 ubi
443 2060 518 2121 diota
534 2060 627 2134 dedit,
644 2061 761 2122 dextrae
777 2061 952 2140 coniungere
967 2058 1097 2122 dextram

247 2152 369 2206 conatus
385 2152 471 2223 rupto
487 2146 618 2207 tellurem
635 2146 721 2207 solvit
734 2146 824 2207 hiatu.

245 2236 318 2290 tunc
332 2230 462 2290 Fortuna
477 2231 530 2290 levi
545 2230 658 2291 defudit
672 2238 791 2309 pectore
805 2249 905 2292 voces:

226 2304 265 2376 “o
281 2314 411 2392 genitor,
429 2314 475 2375 cui
490 2313 589 2395 Cocyti
604 2316 759 2394 penetraha
774 2322 892 2395 parent,

247 2399 272 2459 si
288 2400 378 2459 modo
393 2417 461 2460 vera
476 2400 548 2461 mihi
563 2401 607 2461 las
623 2408 669 2462 est
683 2400 804 2480 impune
818 2401 943 2480 profari,

164 2498 210 2549 105
246 2491 311 2546 vota
326 2483 379 2545 tihi
394 2483 509 2559 cedent3
524 2503 579 2546 nec
593 2487 671 2546 enim
686 2487 785 2548 minor
799 2486 840 2547 ira
855 2485 975 2547 rebellat

245 2577 365 2650 pectore
380 2571 410 2631 in
425 2570 483 2631 hoc
498 2571 646 2650 leviorque
660 2572 755 2632 exurit
768 2573 886 2633 damma
902 2570 1052 2633 medullas.

246 2655 357 2728 omnia,
373 2674 448 2735 quae
462 2655 551 2718 tribui
566 2657 708 2719 Romanis
724 2656 852 2729 arcibus,
870 2656 918 2717 odi

246 2741 476 2820 muneribusque
491 2743 564 2803 meis
579 2741 699 2803 irascor.
731 2743 860 2804 destruet
874 2741 945 2803 istas

206 2873 210 2883 s
246 2826 337 2899 idem,
352 2826 402 2905 qui
418 2828 532 2906 posuit,
547 2829 640 2889 moles
656 2828 737 2889 deus.
768 2835 814 2890 est
828 2826 899 2887 mihi
915 2825 996 2887 cordi

165 2925 212 2974 110
248 2911 354 2990 quippe
370 2929 499 2972 cremare
513 2912 592 2973 viros
607 2921 637 2973 et
651 2913 792 2990 00030100
806 2930 927 2992 pascere
941 2911 1050 2971 luxum.

246 3013 333 3056 cerno
350 2996 484 3074 equidem
501 2998 685 3074 30101001οη1
702 3004 811 3058 stratos
826 3002 923 3056 morte
937 2995 1091 3074 Philippos

246 3080 472 3158 Thessaliaeque
485 3098 575 3159 rogos
590 3088 619 3142 et
632 3083 734 3143 funera
751 3081 846 3160 300110
861 3079 992 3141 Hiberae.

246 3165 302 3226 iam
318 3166 418 3245 fragor
432 3185 581 3227 armorum
596 3165 775 3246 trepidantes
791 3174 931 3245 personat
946 3185 1040 3228 00100.

247 3258 276 3312 01
290 3251 396 3330 Libyae
411 3269 497 3313 cerno
513 3259 576 3324 tua,
593 3252 672 3325 Nile,
689 3252 833 3331 gementia
849 3251 972 3312 01000110

166 3352 212 3402 115
248 3337 440 3418 Actiacosque
455 3337 536 3398 sinus
552 3347 580 3399 et
595 3337 736 3417 Apollinis
753 3357 832 3399 arma
848 3336 994 3398 timentes.

247 3422 355 3501 pande,
371 3441 436 3501 age,
452 3430 594 3484 terrarum
611 3424 737 3485 sitientia
752 3440 840 3502 10300
855 3430 971 3484 1001010

246 3515 331 3586 atque
345 3508 457 3569 animas
473 3527 589 3569 0000100
604 3526 705 3569 00100.
735 3509 781 3570 vix
796 3508 891 3569 navita
908 3507 1081 3570 Porthmeus

246 3593 371 3654 sufficiet
386 3593 539 3654 simulacra
554 3593 648 3654 virum
664 3594 816 3654 traducere
832 3593 950 3666 cumba3

245 3678 337 3739 classe
353 3696 427 3757 opus
443 3686 497 3738 001.
527 3686 616 3759 tuque
630 3678 739 3756 ingenti
755 3678 860 3740 satiare
875 3678 972 3749 ruina,

163 3776 211 3826 120
247 3762 350 3842 pallida
367 3762 542 3841 Tisiphone,
560 3764 735 3843 concisaque
751 3763 869 3825 vulnera
885 3764 1003 3825 mande:

247 3847 283 3907 ad
300 3848 415 3927 Stygios
431 3865 533 3910 manes
549 3849 689 3911 laceratus
706 3849 821 3910 ducitur
837 3841 945 3911 orbis?

77 3931 137 3995 122
290 3932 336 3993 vix
351 3932 422 3995 dum
437 3935 563 4006 linierat,
580 3953 647 3997 cum
662 3935 776 4013 fulgure
790 3942 876 4014 rupta
893 3953 1017 3996 corusco

246 4017 396 4082 intremuit
409 4019 502 4082 nubes
518 4020 665 4109 elisosque
679 4020 802 4082 abscidit
816 4020 907 4112 131100.
