2646 4710
29 403 33 411 -
77 368 138 431 110
553 366 701 420 dandina

161 534 177 584 5
220 521 356 601 quodque
369 520 431 582 Iovi
446 521 577 595 dederat,
593 521 642 600 qui
657 527 758 600 raptus
774 520 809 582 ab
826 520 891 582 alite
906 538 988 582 sacra

260 606 365 667 miscet
379 606 500 668 amaturi
516 607 621 687 pocula
636 613 716 685 grata
731 625 801 680 suo,

219 691 298 772 quod
313 691 394 770 virge
410 692 505 771 prima
521 690 627 772 cupido
643 692 693 753 dat
706 699 792 753 nocte
807 691 928 764 marito,

262 776 334 837 dum
345 778 433 857 'timet
446 776 563 838 alterius
580 777 685 838 vulnus
700 778 798 856 inepta
812 768 888 837 loci?

220 862 382 942 simplicius
398 862 490 923 multe
506 870 551 923 est
561 854 609 924 ‘da
625 854 772 943 pedicare'
786 861 887 923 Latine

147 961 178 1012 lu
264 947 375 1009 dicere:
391 947 461 1026 quid
476 945 603 1009 faciam?
620 967 719 1009 crassa
733 947 860 1008 Minerva
875 967 939 1009 mea
955 955 1010 1008 est.

605 1117 658 1178 llll

221 1217 391 1280 Obscuenas
406 1219 500 1297 rigido
517 1219 571 1280 dec
586 1219 704 1280 tabellas

220 1303 319 1364 dicans
335 1323 368 1364 ex
384 1304 592 1383 Elephantidos
607 1304 708 1365 libellis

220 1389 270 1449 dat
284 1389 395 1451 donum
410 1389 512 1468 Lalage
526 1397 683 1468 rogatque,
698 1395 807 1461 tentes,

220 1473 245 1533 si
259 1474 354 1554 pictas
371 1493 447 1553 epus
460 1475 532 1536 edat
545 1475 581 1536 ad
597 1475 713 1554 figuras.

618 1645 643 1704 V

221 1745 314 1818 Quam
330 1763 422 1825 puero
437 1746 530 1823 legem
544 1745 636 1806 lentur
650 1744 758 1805 dixisse
772 1744 910 1824 Priapus,

261 1830 392 1891 versibus
407 1830 455 1892 hic
470 1831 544 1891 infra
560 1830 667 1910 scripta
683 1831 798 1891 duobus
815 1831 884 1891 crit:

204 1907 300 1994 ‘quod
314 1935 399 1976 maus
413 1916 518 1977 hortus
533 1915 633 1988 habet,
649 1934 748 1977 sumas
763 1916 885 1995 impunc
898 1914 1007 1990 licebit,

263 2000 289 2061 si
304 2000 417 2062 dederis
433 2000 533 2077 nohis,
547 2001 626 2081 quod
638 2009 707 2063 tuus
721 2002 827 2062 hortus
842 1991 947 2062 habet.³
1016 2034 1024 2044 -

612 2172 711 2243 vl,

223 2272 309 2345 Quod
325 2290 391 2333 sum
406 2272 531 2353 ligneus,
548 2280 581 2334 ut
595 2273 690 2347 vides,
705 2272 827 2352 Priapus

223 2363 251 2417 et
264 2356 322 2417 falx
336 2356 430 2436 lignea
444 2357 616 2437 ligneusque
631 2357 730 2436 penis,

221 2442 364 2519 prendam
379 2450 407 2504 te
422 2452 520 2505 tamen
535 2450 564 2504 et
577 2444 683 2504 tenebo
700 2460 841 2522 prensum

221 2534 372 2606 totamque
387 2530 462 2590 hanc
477 2528 540 2590 sine
554 2528 670 2604 fraude,
687 2536 911 2608 quantacunque
926 2533 984 2598 est,
1042 2537 1046 2541 ’

221 2618 370 2673 termento
386 2614 550 2692 citharaque
564 2613 723 2675 tensiercm

222 2697 257 2757 ad
274 2705 385 2759 costam
399 2699 451 2760 tihi
468 2700 622 2780 septimam
637 2698 805 2761 recondam.

608 2852 656 2915 Vll

221 2949 295 3012 Cum
309 2951 429 3031 loquer,
443 2969 502 3013 uua
517 2952 588 3013 mihi
603 2959 740 3031 peccatur
755 2952 863 3028 littera3
874 2971 943 3014 nam
957 2960 987 3014 te

263 3036 382 3116 pe-dieo
399 3055 517 3116 semper
531 3036 685 3117 illaesaque
696 3037 793 3116 lingua
808 3057 873 3099 mea
888 3045 942 3100 cst.

600 3207 662 3270 Vlll

220 3309 367 3371 Matronae
379 3309 482 3389 procul
496 3310 565 3371 hinc
581 3311 656 3373 abite
672 3316 784 3371 castae:

221 3402 306 3474 turpe
322 3402 368 3456 est
381 3413 433 3455 vos
448 3394 544 3474 legere
558 3395 704 3474 impudica
719 3395 813 3460 verba.
828 3429 871 3440 -

221 3498 283 3540 non
297 3480 371 3542 assis
387 3480 495 3541 faciunt
510 3487 637 3559 euntque
651 3487 741 3542 recta:

221 3565 360 3627 nimirum
376 3564 493 3644 sapiunt
507 3565 661 3644 videntque
675 3583 809 3645 magnam

221 3657 371 3712 matronae
386 3668 503 3729 quoque
518 3649 678 3711 mentulam
692 3650 826 3712 libenter.

594 3819 672 3880 Vllll

222 3925 280 3985 Gur
296 3922 442 3985 obscoena
455 3921 527 3983 mihi
542 3939 610 4002 pars
626 3920 664 3983 sit
679 3919 742 3984 sine
756 3930 851 3995 veste,
867 3922 1009 4003 requiris:

265 4027 385 4089 quaere,
401 4016 478 4090 tegat
492 4007 589 4072 nullus
600 4025 657 4071 cur
671 4026 723 4070 sua
739 4009 821 4088 sigua
836 4009 918 4070 deus.
