2646 4710
145 364 186 425 m
618 356 776 411 rurnoun

144 535 220 587 mus,
231 515 334 577 urbem
346 514 581 592 antiquissimam
594 521 623 575 et
633 512 790 590 aliqnando
802 512 899 573 ltaliae
911 513 1043 591 primam.
1069 531 1135 574 cnm
1149 513 1252 574 deinde

144 601 310 681 diligentins
336 600 567 696 exploraremus,
589 598 638 678 qui
658 598 795 658 homines
815 597 1011 658 inhabitarent
1028 597 1126 659 nobile
1144 598 1251 672 solum,

146 687 262 767 quodve
280 703 371 764 genus
392 684 597 788 negotiationis
613 683 769 786 praecipue
784 683 944 761 probarent
959 690 1028 763 post
1043 684 1155 744 attritas
1173 683 1251 746 bellis

143 771 343 851 frequentibus
357 789 438 850 opes,
450 761 548 830 ‘'omi
566 769 661 847 inquit
671 761 827 846 hospites,
842 788 867 828 sr
860 769 1076 847 negotiatores
1088 768 1170 840 estre
1186 787 1252 829 mu·

144 866 204 918 tate
225 857 411 937 propositum
427 855 561 933 aliudque
576 855 648 915 vitae
664 854 841 950 praesidium
857 853 994 933 quaerite.
1025 853 1071 914 sin
1087 861 1184 916 autem
1202 873 1252 914 ur·

145 942 275 1003 banioris
292 949 378 1001 ιιοιιι
392 941 528 1000 homiues
544 938 696 1000 sustinetis
712 957 830 1018 semper
844 939 974 1010 mentiri,
995 947 1073 1000 recta
1087 939 1122 999 ad
1139 939 1251 1001 luorum

145 1026 270 1088 curritis.
300 1026 329 1086 ιιι
350 1026 404 1085 bac
423 1027 500 1085 enirn
522 1025 594 1086 urbe
612 1042 673 1085 non
688 1024 849 1085 litterarum
865 1023 959 1084 studia
976 1023 1170 1098 celebrantur,
1191 1041 1252 1085 nou

145 1111 309 1190 eloquentia
324 1111 419 1171 locum
436 1110 531 1181 habet,
546 1128 608 1171 non
624 1109 773 1188 frugalitas
789 1108 939 1188 sanctique
954 1128 1053 1170 mores
1068 1109 1203 1171 laudibus
1217 1110 1252 1171 ed

144 1197 272 1258 fructum
289 1195 472 1275 perveniunt,
489 1196 539 1256 sed
556 1213 748 1274 quoscunque
763 1195 898 1255 homines
915 1195 945 1255 iu
960 1194 1014 1255 bac
1028 1195 1099 1256 urbe
1113 1194 1252 1268 videritis,

147 1283 253 1344 scitote
268 1282 297 1342 in
314 1283 386 1342 duas
402 1288 500 1360 partes
516 1300 582 1342 esse
598 1281 718 1341 divisos.
747 1298 815 1341 nam
832 1286 882 1342 aut
897 1286 1048 1359 captantur
1063 1287 1113 1340 ant
1126 1288 1253 1359 captant

144 1369 175 1429 in
195 1368 251 1428 hac
270 1366 343 1428 urbe
363 1383 451 1427 nemo
467 1367 577 1428 liberos
592 1366 679 1439 tollit,
701 1365 767 1446 quia
782 1365 916 1444 quisquis
934 1384 1006 1425 snos
1021 1364 1142 1425 heredes
1159 1365 1253 1440 habet,

145 1470 206 1514 non
222 1453 257 1512 ad
273 1470 374 1525 cenas,
390 1470 452 1512 nou
468 1452 503 1512 ad
520 1453 683 1531 spectacula
700 1452 870 1525 admittitur,
885 1452 936 1512 sed
953 1450 1091 1512 omnibus
1106 1449 1253 1530 probibe-

145 1547 193 1598 tur
208 1537 388 1606 commodis,
407 1537 483 1598 inter
497 1537 714 1616 ignominiosos
729 1536 828 1598 latitat
859 1537 908 1615 qui
924 1554 991 1596 vero
1004 1553 1058 1597 nec
1072 1552 1180 1596 uxores
1195 1554 1252 1597 ιιιι-

145 1641 232 1702 quam
255 1623 401 1683 duxerunt
422 1641 476 1683 nec
496 1623 645 1701 proximas
664 1621 896 1682 necessitudines
918 1620 1040 1692 habent,
1061 1621 1097 1682 ad
1116 1638 1252 1683 summos

144 1707 275 1768 honores
292 1707 472 1785 perveniunt,
488 1709 516 1768 id
532 1715 578 1768 est
592 1707 647 1768 soli
664 1706 811 1780 militares,
826 1706 880 1767 soli
894 1705 1049 1767 fortissimi
1064 1713 1151 1785 atque
1165 1706 1252 1768 etiam

143 1793 315 1854 innocentes
336 1792 443 1853 habent
431 1801 488 1853 t.ur
520 1784 648 1854 adibitis'
668 1792 763 1872 inquit
777 1754 931 1872 ‘oppidum
951 1799 1089 1872 tanquam
1109 1792 1138 1852 in
1161 1791 1253 1871 pesti-

145 1877 232 1938 lentia
248 1895 380 1957 campos,
396 1877 425 1939 in
440 1878 547 1957 quibus
563 1878 635 1938 nihil
650 1878 726 1939 aliud
741 1886 788 1939 est
801 1878 859 1939 nisr
851 1877 1020 1952 cadavera,
1036 1895 1111 1956 quae
1122 1877 1252 1939 laceran-

144 1970 202 2037 tur,
217 1971 267 2024 aut
281 1963 369 2038 corri,
384 1982 433 2044 qm
426 1954 584 2025 ''lacerant

684 2057 705 2096 ιι

79 2140 137 2200 117
231 2133 405 2214 prudentior
418 2133 582 2212 Eumolpus
603 2131 746 2194 convertit
764 2133 800 2194 ad
821 2131 978 2194 novitatem
998 2132 1040 2193 rei
1058 2139 1186 2194 mentem
1203 2152 1253 2214 ge·

146 2235 262 2298 nosque
282 2218 467 2279 divinationis
488 2216 623 2278 sibinen
644 2218 796 2296 displicere
817 2219 971 2279 confessus
997 2225 1051 2280 est.
1086 2218 1176 2280 iocari
1198 2237 1252 2298 ego

147 2321 246 2364 senem
268 2303 381 2383 poetica
400 2303 512 2364 levitate
533 2301 701 2376 credebam,
724 2322 789 2363 cum
811 2294 880 2364 ille‘
888 2303 999 2364 utinam
1016 2294 1147 2384 quidem
1160 2307 1256 2384 inquit

142 2381 302 2450 ‘sufficeret
315 2388 422 2466 largior
437 2405 548 2458 scaena,
563 2387 592 2447 id
608 2394 653 2448 est
667 2388 755 2449 vestis
771 2389 957 2462 humanior,
950 2407 996 2450 rns
997 2396 1177 2451 trumentum
1189 2389 1252 2450 lau·

145 2473 221 2546 tius,
249 2475 329 2554 qnod
352 2473 504 2552 praeberet
525 2472 678 2534 mendacio
701 2474 800 2534 iidem.
838 2492 899 2535 non
923 2475 1103 2535 mehercules
1125 2491 1251 2555 poenam

145 2559 231 2621 istam
245 2560 400 2629 differrem,
418 2558 469 2620 sed
485 2558 625 2620 continuo
641 2577 693 2618 vos
709 2559 744 2620 ad
756 2576 877 2638 magnas
890 2579 961 2640 opes
973 2560 1121 2621 ducerem.
1152 2559 1251 2639 atquin

145 2644 303 2725 promitto,
326 2644 461 2724 quicquid
479 2644 615 2722 exigeret,
593 2645 794 2705 tdummodo
811 2646 946 2725 placeret,
962 2655 1025 2707 vest
1026 2646 1050 2705 is
1065 2645 1186 2724 rapinae
1200 2663 1252 2706 co·

145 2749 219 2802 mes,
234 2738 263 2791 et
277 2730 414 2810 quiequid
429 2729 552 2810 Lycurgi
567 2729 631 2790 villa
648 2731 848 2809 grassantibus
864 2731 1053 2811 praebuisset.
1077 2748 1145 2791 nam
1162 2748 1252 2792 num-

145 2833 212 2876 mos
227 2815 257 2876 in
273 2823 456 2894 praesentem
472 2833 560 2876 usum
576 2816 663 2877 deum
678 2825 803 2877 matrem
819 2835 873 2896 pro
889 2818 945 2878 fide
962 2835 1014 2878 sna
1029 2807 1222 2878 reddituram’

224 2973 309 3061 qnid
332 2973 414 3060 ergo’
435 2983 529 3062 iuquit
543 2975 732 3064 Ειιιιιοιῃιιιι
739 3002 888 3046 cessamus
909 2985 1033 3046 mimum
1049 2984 1251 3066 componere?

143 3067 228 3129 facite
243 3085 312 3145 ergo
328 3087 376 3128 me
391 3067 557 3139 dominum,
579 3066 604 3128 si
620 3069 778 3146 negotiatio
794 3061 904 3150 placet.²
934 3089 1022 3132 nemo
1038 3090 1127 3133 ausus
1142 3079 1188 3134 est
1202 3090 1248 3135 ar-

142 3160 202 3214 tem
222 3152 361 3213 damnare
381 3153 453 3214 nihil
476 3153 663 3214 auferentem.
693 3153 790 3234 itaque
809 3162 842 3217 ιιι
862 3157 979 3218 duraret
993 3157 1069 3218 inter
1084 3176 1187 3220 omnes
1201 3166 1250 3221 tu·

142 3245 205 3299 ιιιιιι
226 3238 454 3312 mendacium,
446 3257 475 3299 ιιι
498 3238 583 3300 verba
603 3239 741 3320 Ennrolpi
761 3250 974 3304 sacramentum
994 3242 1167 3304 iuravimus:
1195 3244 1249 3318 ιιιι,

144 3322 259 3395 vinciri,
279 3323 424 3385 verberari
443 3324 579 3404 ferroque
594 3326 704 3396 necari,
725 3334 754 3387 et
768 3326 904 3407 quicquid
921 3327 995 3388 aliud
1011 3329 1175 3407 Eumolpus
1187 3329 1250 3390 ins-

144 3408 239 3469 sisset.
270 3416 407 3487 tanquam
424 3408 541 3489 legitimi
557 3410 730 3488 gladiatores
746 3412 866 3473 domino
883 3431 1006 3492 corpora
1018 3413 1187 3493 animasque
1201 3434 1249 3476 re·

141 3493 331 3572 ligiosissime
352 3495 523 3556 addicimus.
554 3502 625 3575 post
639 3503 788 3575 peractum
805 3506 969 3559 sacrament
970 3517 1019 3559 ιιιιι
1036 3500 1177 3560 ιιιιιΙιιιι
1190 3501 1249 3562 ficti

142 3578 296 3639 dominum
312 3580 540 3650 consalutamns‚
558 3580 724 3661 elatumque
738 3581 773 3642 ab
789 3583 934 3680 Eumolpo
950 3583 1040 3644 ιιιιιιιιι
1057 3584 1165 3663 pariter
1176 3604 1248 3647 oon-

142 3662 299 3736 discimus,
322 3665 453 3724 iuvenem
469 3664 594 3743 ingentis
610 3665 791 3745 eloquentiae
805 3676 834 3728 et
849 3668 926 3747 spei,
946 3668 1071 3748 ideoque
1085 3670 1121 3729 de
1136 3669 1249 3731 civitate

142 3766 194 3809 sna
215 3747 414 3809 miserrimum
434 3767 535 3810 senem
556 3751 663 3823 exisse,
685 3769 722 3813 ne
741 3759 791 3814 ant
812 3753 897 3815 client
885 3761 928 3815 tes
948 3754 1123 3834 sodalesque
1138 3755 1187 3816 filii
1203 3756 1248 3817 sui

142 3839 193 3894 ant
214 3831 382 3930 sepulerum
406 3833 536 3931 quotidie
557 3854 691 3898 caussam
710 3838 894 3900 lacrimarum
915 3846 1054 3900 cerneret.
1089 3839 1248 3901 accessisse

140 3916 210 3979 hnic
223 3915 356 3980 tristitiae
370 3919 536 3999 proximum
551 3920 820 4022 naufragiumque
835 3923 1000 4005 amplius
976 3925 1063 3985 vicies
1079 3925 1246 3986 sestertium

142 4003 281 4117 amiserit
312 4021 366 4121 nec
385 4004 540 4126 illumt
482 4025 527 4070 ιιι
526 4013 592 4071 tura
607 4007 732 4083 moveri,
753 4010 806 4071 sed
820 4010 909 4074 destit
897 4018 991 4073 tutum
1007 4008 1169 4074 ministerio
1185 4028 1247 4074 non
