2646 4710
576 1517 589 1580 l

176 1599 322 1680 Carminis
337 1617 480 1698 incompti
494 1616 576 1679 lusus
590 1618 699 1679 lecture
714 1636 867 1697 procaces,

218 1703 394 1764 conveniens
410 1703 491 1764 Latio
507 1721 586 1783 pone
600 1702 797 1781 supercilium.

175 1806 237 1849 non
253 1807 340 1849 soror
354 1789 412 1849 hoc
425 1787 536 1850 habitat
549 1787 675 1860 Phoebi,
691 1805 752 1848 uon
768 1790 853 1849 Vesta
869 1787 987 1860 sacello,

216 1891 272 1934 nec
285 1892 359 1953 quae
374 1875 410 1934 de
425 1873 519 1952 patric
536 1873 640 1933 vertice
655 1879 721 1934 nata
737 1873 789 1934 dea
804 1879 862 1945 est,

176 1958 228 2019 sed
243 1958 332 2019 ruber
347 1959 501 2019 honorum
517 1964 633 2030 custos,
648 1956 847 2019 membrosicr
860 1975 969 2038 aequa,
1055 1973 1070 2020 5
1138 1968 1143 1978 '

218 2042 268 2123 qui
282 2049 391 2104 tectum
406 2042 493 2105 nuliis
508 2042 636 2103 vestibus
652 2042 760 2120 inguen
775 2042 870 2104 habet.

176 2134 226 2188 aut
240 2128 327 2206 igitur
341 2127 470 2189 tunicam
485 2128 560 2208 parti
574 2128 731 2207 praetende
744 2128 898 2205 tegendae,

218 2219 268 2274 aut
282 2211 387 2292 quihus
403 2213 479 2275 hanc
493 2212 586 2274 oculis
602 2212 743 2292 adspicis,
756 2213 812 2275 ista
827 2213 898 2293 lege.

575 2400 602 2461 Il

174 2501 292 2563 Ludens
308 2502 380 2563 haec
395 2521 449 2582 ego
463 2509 539 2564 teste
553 2510 594 2575 te,
609 2502 729 2581 Priape,

175 2586 262 2648 harto
279 2589 406 2648 carmina
423 2588 523 2665 digna,
540 2605 601 2647 non
616 2587 727 2660 libello,

174 2671 278 2750 scripsi
294 2689 354 2733 non
370 2672 493 2732 nimium
504 2672 658 2733 laboriose.

174 2774 230 2816 nec
244 2757 341 2817 Musas
357 2764 468 2829 tamen,
486 2763 518 2817 ut
534 2757 630 2818 solent
644 2764 762 2836 poetae,

175 2840 210 2902 ad
224 2858 286 2901 non
299 2841 461 2920 virgineum
475 2842 572 2903 locum
587 2842 696 2902 vocavi.

176 2944 243 2987 nam
258 2943 365 2988 sensus
381 2928 452 2988 mihi
468 2945 575 3006 corque
590 2926 743 2999 defuisset,

175 3019 281 3084 castas,
297 3012 424 3073 Pieriam
441 3013 578 3084 chorum,
595 3030 714 3073 sorores

176 3114 248 3156 anso
265 3096 371 3158 ducere
385 3098 546 3159 mentulam
562 3097 597 3158 ad
613 3097 721 3176 Priapi.

176 3199 244 3259 crgo
259 3181 394 3261 quicquid
411 3182 513 3256 idest,
530 3182 609 3260 quod
626 3182 740 3242 otiosus

112 3314 116 3320 .
174 3266 273 3344 templi
288 3267 445 3345 parictibus
460 3268 502 3328 tui
517 3266 630 3339 notavi,

175 3349 205 3410 in
220 3358 331 3429 partem
347 3351 470 3432 accipias
485 3352 606 3425 bonam,
620 3368 770 3429 rogamus.

565 3539 605 3600 111

525 3660 652 3703 cvrnlr

175 3740 304 3805 Obscura
318 3750 452 3822 poteram
469 3743 520 3804 tibi
536 3744 644 3805 dicere:
656 3733 706 3803 ‘da
721 3743 807 3817 mihi,
823 3744 902 3824 quod
917 3752 947 3806 tu

218 3829 269 3889 des
285 3828 351 3889 licet
366 3829 497 3898 assidue,
513 3829 554 3889 nil
569 3836 669 3890 tamen
683 3828 751 3889 inde
766 3829 849 3908 perit.

175 3912 211 3974 da
225 3913 313 3986 mihi,
329 3915 409 3992 quod
426 3912 525 3993 cupies
538 3914 648 3975 frustra
663 3913 732 3974 dare
746 3913 871 3975 forsitan
886 3913 971 3988 clim,

218 4016 283 4059 cum
298 4005 377 4060 tenet
392 3998 528 4060 obsessas
544 3999 639 4060 invida
654 3997 743 4059 barba
755 4016 858 4080 genas,
