2646 4710
525 383 679 438 ‘samana
1082 397 1084 407 ·
1117 391 1158 454 21

56 537 164 600 debant
181 557 197 599 c
217 538 368 611 dentibus,
388 537 593 619 thebaicasque
612 546 642 600 et
660 547 790 620 caryotas
809 540 845 603 ad
865 559 1020 606 numerum
1037 543 1160 606 divisere

56 623 236 686 cenantibus.
267 623 385 686 interim
400 643 463 703 ego,
480 624 529 703 qui
544 625 687 704 privatum
702 625 846 687 habebam
862 646 1022 702 secessum,
1037 629 1068 689 in
1077 630 1159 691 mul·
1175 633 1213 691 41

54 715 100 770 tas
116 709 307 788 cogitationes
323 709 465 771 deductus
482 728 558 784 sum,
574 728 665 789 quare
678 730 749 789 aper
758 711 892 790 pilleatus
905 711 1052 775 intrasset.
1075 722 1159 794 post·
1184 718 1186 721 ’

56 812 144 874 quam
164 794 260 874 itaque
280 795 377 855 omnis
392 794 554 856 bacalusias
570 795 756 874 consumpsi,
773 796 873 857 duravi
887 798 1067 878 interrogare
1080 798 1159 860 illum

55 881 245 959 interpretem
266 898 363 941 meum
385 878 463 960 quod
484 899 530 940 me
550 887 708 960 torqueret.
744 880 851 943 atille:
874 872 977 962 ‘plane
998 884 1084 945 etiam
1104 885 1161 945 hoc

56 983 159 1026 servus
175 972 244 1027 tuus
259 965 387 1027 indicare
401 971 514 1044 potest3
532 965 686 1026 nonenim
702 966 832 1045 aenigma
848 974 907 1041 est,
923 968 974 1028 sed
989 986 1037 1029 res
1052 976 1160 1048 aperta.

54 1050 103 1112 hic
117 1068 195 1130 aper,
212 1069 278 1112 cum
290 1049 353 1112 heri
365 1069 480 1112 summa
492 1067 562 1112 cena
574 1068 641 1111 cum
653 1049 836 1126 vindicasset
852 1072 867 1113 a
879 1053 1007 1114 convivis
1020 1053 1160 1116 dimissus

55 1146 110 1210 eet;
122 1136 219 1215 itaque
229 1135 318 1198 hodie
328 1142 476 1216 tamquam
488 1134 611 1197 libertus.
620 1136 651 1197 in
659 1136 825 1198 convivium
833 1129 1004 1200 revertitur?
1028 1139 1162 1200 damnavi

54 1239 109 1300 ego
130 1229 283 1300 stuporem
304 1240 404 1283 meum
424 1228 452 1282 ot
465 1221 538 1282 nihil
552 1220 677 1306 amplius
692 1220 883 1301 interrogavi,
904 1241 942 1284 ne
956 1224 1068 1284 viderer
1083 1241 1161 1285 nun·

56 1325 144 1386 quam
158 1308 236 1368 inter
249 1307 393 1368 honestos
409 1324 536 1368 cenasse.

142 1391 212 1453 dum
232 1392 304 1452 haec
323 1391 485 1471 loquimur,
506 1409 578 1470 puer
597 1390 750 1470 speciosus
771 1391 877 1453 vitibus
896 1392 1068 1472 hederisque
1083 1394 1161 1454 redi·

55 1476 159 1550 mitue,
180 1477 271 1538 modo
294 1476 460 1549 Bromium,
481 1477 628 1538 interdum
648 1475 774 1556 Lyaeum
793 1477 978 1557 Euhiumque
998 1478 1160 1550 confessus,

55 1563 213 1624 calathisco
233 1581 304 1624 uvas
328 1560 504 1623 circumtulit
523 1570 551 1622 et
570 1569 705 1640 poemata
720 1561 831 1623 domini
848 1564 892 1624 sui
908 1564 1076 1624 acutissima
1091 1582 1163 1624 voce

54 1647 191 1710 traduxit.
226 1646 263 1708 ad
283 1666 370 1727 quem
391 1665 499 1708 sonum
520 1664 681 1708 conversus
702 1646 879 1709 Trimalchio
896 1638 1051 1728 ‘Dionyse'
1069 1648 1164 1727 inquit
1192 1700 1196 1706 .

51 1727 140 1794 ‘liber
154 1722 241 1794 esto'.
264 1751 337 1813 puer
352 1733 475 1793 detraxit
485 1731 604 1813 pilleum
617 1751 689 1821 appe
703 1733 847 1834 capitique
859 1752 913 1794 suo
925 1733 1075 1813 imposuit
1098 1741 1161 1795 tum

57 1817 232 1880 Trimalchio
253 1836 359 1880 rursus
374 1817 492 1879 adiecit:
504 1807 581 1879 ‘nen
596 1816 741 1895 negabitis
756 1837 803 1877 me
831 1809 1060 1897 inquit‘habere
1074 1819 1162 1880 Libe-

55 1922 122 1966 rum
145 1893 277 1983 patrem'.
306 1902 486 1965 laudavimus
509 1902 618 1964 dictum
633 1902 857 1964 Trimalchionis
881 1910 910 1965 et
932 1904 1161 1965 circumeuntem

55 2007 180 2070 puemm
192 2006 264 2050 sane
277 1988 504 2068 perbasiamus.·

141 2073 177 2136 ab
191 2074 249 2134 hoc
262 2072 558 2151 ferculo-Trimalchio
574 2072 610 2133 ad
624 2072 757 2135 lasanum
774 2072 907 2133 surrexit.
931 2091 987 2133 nos
1001 2072 1163 2135 libertatem

56 2160 121 2221 sine
140 2166 264 2239 tyranno
285 2158 362 2224 neoti
382 2159 533 2238 coepimus
553 2158 674 2220 invitare
697 2157 884 2219 convivarum
901 2176 1064 2220 sermones.
1106 2159 1162 2220 lla-

55 2265 103 2307 me
124 2243 220 2324 itaque
238 2244 352 2324 primus
373 2262 440 2306 cum
463 2244 627 2323 pataracina
642 2244 845 2323 poposcisset,
860 2234 951 2305 ‘dies'
969 2236 1163 2324 inquit‘nihil

56 2336 111 2392 est.
138 2330 207 2391 dum
228 2349 330 2392 versas
345 2337 388 2400 te,
409 2315 649 2408 ncxhifitique
664 2329 736 2390 nihil
750 2336 794 2389 est
809 2328 913 2390 melius
928 2348 1015 2408 quam
1030 2330 1067 2391 de
1079 2329 1163 2391 enhi-

59 2415 124 2477 culo
145 2422 222 2477 recta
243 2415 273 2476 in
292 2415 453 2477 triclinium
471 2415 522 2476 ire.
553 2422 581 2476 et
595 2415 739 2477 mundum
754 2415 845 2493 frigus
861 2414 1025 2477 habuimus,
1054 2417 1101 2476 vix
1117 2433 1164 2474 me

58 2501 179 2562 balneus
200 2500 318 2562 calfecit.
344 2507 443 2562 tamen
463 2501 543 2562 calda
558 2496 640 2580 potio
656 2500 808 2561 vestiarius
823 2506 877 2560 est.
907 2501 1078 2562 staminatae
1095 2500 1164 2561 duxi

59 2592 89 2647 et
104 2586 189 2666 plane
204 2592 300 2648 matus
317 2604 392 2647 sum.
423 2585 509 2646 vinus
524 2586 596 2646 mihi
611 2585 640 2646 in
658 2586 809 2647 cerebrum
825 2576 912 2657 abiit'

145 2671 259 2750 excepit
274 2667 412 2733 Seleucus
431 2670 545 2732 fabulae
565 2678 677 2750 partem
700 2679 729 2731 et
745 2661 830 2749 ‘ego'
848 2669 945 2748 inquit
961 2659 1038 2729 ‘non
1059 2669 1164 2731 cotidie
1179 2663 1219 2723 42
1274 2687 1280 2701 ’

58 2758 154 2829 lavor3
173 2755 300 2836 beluacus
320 2755 397 2818 enim
415 2755 486 2817 lullo
503 2763 556 2816 est.
586 2775 660 2835 aqua
677 2756 778 2816 dentes
794 2754 893 2826 habet,
912 2761 941 2814 et
961 2760 1163 2844 corxnostmm
1259 2818 1262 2826 ,

59 2840 166 2904 cotidie
183 2840 325 2920 liquescit.
353 2842 405 2903 sed
427 2859 492 2902 cum
513 2841 599 2901 mulsi
615 2841 771 2920 pultarium
788 2838 905 2912 obduxi,
919 2839 1023 2918 frigori
1037 2839 1164 2901 laecasin

58 2928 137 2989 dico.
167 2945 222 2987 nec
236 2944 305 2987 sane
321 2925 416 2988 lavare
429 2926 526 3006 potui3
540 2926 583 2986 fui
599 2926 676 2987 enim
688 2926 775 2987 hodie
787 2925 816 2985 in
828 2926 927 2985 funus.
944 2925 1048 2985 ‘horno
1060 2924 1163 2998 bellus,

57 3020 119 3074 tam
134 3011 231 3074 bonus
247 3010 447 3091 Chrysanthus
463 3012 588 3072 animem
604 3011 722 3073 ebulliit.
752 3010 852 3084 modo,
867 3011 957 3072 modo
974 3029 1021 3070 me
1036 3009 1163 3089 appella-

58 3098 108 3158 vit.
138 3098 239 3159 videor
257 3096 330 3157 mihi
350 3116 417 3158 cum
439 3095 486 3157 illo
508 3097 598 3176 loqui.
629 3096 700 3170 heu,
717 3096 799 3158 eheu.
829 3103 912 3158 utres
928 3095 1018 3156 inflati
1034 3096 1164 3156 ambula-

58 3200 135 3244 mus.
165 3182 288 3245 minoris
309 3198 397 3261 quarn
412 3200 532 3243 muscae
548 3200 661 3243 sumus.
691 3200 806 3243 muscae
819 3188 918 3242 tamen
933 3180 1057 3259 aliquam
1074 3180 1164 3242 virtu-

58 3275 120 3330 tem
139 3267 255 3330 habent
286 3285 343 3328 nos
364 3285 426 3329 non
447 3266 538 3348 pluris
559 3284 662 3328 sumus
683 3285 771 3345 quam
791 3265 894 3327 bullae.
925 3265 1038 3344 etquid
1059 3265 1085 3326 si
1103 3282 1164 3325 non

58 3353 192 3414 abstinax
205 3352 318 3414 fuisset.
349 3353 478 3432 quinque
494 3351 555 3412 dies
572 3370 675 3430 aquam
688 3351 718 3412 in
731 3369 765 3411 os
778 3370 866 3412 suum
879 3369 941 3412 non
953 3350 1086 3422 coniecit,
1103 3367 1165 3411 non

58 3438 163 3499 micam
188 3437 283 3518 panis.
319 3445 416 3499 tamen
443 3437 514 3498 abiit
537 3436 572 3497 ad
592 3437 700 3516 plures,
738 3435 845 3497 medici
866 3435 946 3496 illum
966 3435 1165 3514 perdiderunt,

58 3523 151 3584 immo
166 3523 259 3601 magis
275 3523 369 3583 melus
383 3522 473 3596 fatus3
493 3522 625 3583 medicus
642 3522 718 3583 enim
733 3521 805 3582 nihil
821 3520 897 3582 aliud
913 3527 958 3581 est
973 3538 1060 3599 quam
1076 3519 1164 3581 animi

58 3608 233 3671 consolatio.
255 3614 355 3669 tamen
366 3607 440 3669 bene
453 3608 544 3668 clatus
558 3615 612 3681 est,
628 3607 703 3668 vitali
715 3607 799 3679 lecto,
814 3604 949 3685 stragulis
961 3604 1056 3664 bonis.
1080 3605 1173 3684 plan-¹

58 3701 124 3756 ctus
146 3700 191 3755 est
211 3693 383 3773 optime-
402 3693 572 3754 manumisit
591 3693 702 3772 aliquot
720 3729 762 3736 --
783 3691 869 3752 etiem
892 3691 917 3752 si
937 3689 1063 3769 maligne
1083 3689 1164 3749 illum

57 3779 184 3860 ploravit
197 3797 280 3840 uxor.
306 3777 375 3857 quid
391 3777 416 3838 si
431 3796 493 3838 non
508 3777 584 3839 illam
601 3777 710 3856 optime
721 3777 890 3856 accepisset.
913 3775 965 3837 sed
978 3775 1081 3836 mulier
1093 3793 1165 3854 quae

58 3865 164 3927 mulier
178 3863 329 3926 milvinum
345 3881 446 3943 genus.
476 3863 623 3924 neminem
638 3862 712 3924 nihil
726 3861 797 3923 boni
811 3862 908 3923 iacere
924 3867 1054 3940 oportet3
1075 3878 1178 3938 aeque⁴

58 3959 103 4013 est
122 3949 202 4013 enim
221 3967 255 4011 ae
275 3949 298 4011 si
315 3949 346 4010 in
361 3956 481 4028 puteum
499 3948 634 4010 conicias.
665 3948 717 4009 sed
732 3947 869 4026 antiquus
886 3964 970 4007 amor
984 3963 1089 4006 cancer
1103 3936 1165 4007 est.³

144 4035 286 4098 molestus
311 4033 380 4109 luit,
403 4033 594 4113 Philerosque
615 4032 818 4113 proclamavit:
848 4022 996 4093 ‘vivorum
1022 4030 1164 4092 momine·
1181 4026 1220 4088 43
