2646 4710
513 383 656 437 rnrarna
1076 387 1134 450 121

562 541 608 603 LV

232 644 356 705 Credere
372 644 437 723 quis
454 641 579 722 posset?
594 643 697 704 falcem
714 662 886 723 quoque-
902 651 986 724 turpe
1001 644 1084 706 lateri
1097 677 1138 692 -

276 730 311 790 de
327 729 423 807 digitis
438 729 519 788 fures
532 728 706 807 subripuere
722 729 805 789 meis.

234 835 289 877 nec
304 821 401 875 movet
416 813 517 874 amissi
533 821 654 874 metam
670 813 778 874 iactura
795 814 961 893 pudorque,

276 919 361 980 quam
378 899 519 978 praebent
533 899 627 959 iustos
640 898 727 959 altera
742 899 796 959 tela
812 905 923 959 metus:

233 1005 305 1065 quae
320 986 345 1045 si
359 984 524 1063 perdidero,
539 984 631 1062 patria
648 984 807 1057 mutuabor,
824 991 853 1044 et
868 983 936 1044 olim
1024 1002 1039 1051 5

277 1070 321 1130 ille
336 1077 404 1130 tuus
421 1069 508 1143 civis5
520 1069 693 1148 lampsaco,
709 1068 805 1129 Gallus
822 1087 882 1129 ero.

554 1256 613 1316 LVl

232 1355 350 1417 Derides
366 1374 497 1434 qunque,
512 1354 575 1425 fur,
592 1362 620 1415 et
635 1354 814 1434 impudicum

235 1440 365 1501 ostendis
382 1440 502 1518 digitum
520 1439 590 1499 mihi
607 1441 738 1501 minanti.

234 1526 291 1585 heu
307 1526 364 1585 heu
380 1525 598 1597 memmerunt,
614 1525 691 1603 quod
708 1525 763 1586 ista
775 1526 885 1605 lignum
902 1533 959 1597 est,

234 1630 307 1690 quae
322 1630 370 1670 me
385 1610 541 1671 terribilem
558 1609 627 1669 facit
642 1609 740 1670 videri.

234 1695 378 1755 mandabo
395 1696 516 1755 domino
533 1701 629 1754 tamen
647 1695 748 1769 salaci,

234 1787 266 1840 nt
280 1799 335 1859 pro
351 1800 398 1841 me
416 1780 481 1840 velit
496 1781 638 1843 irrumare
653 1779 742 1842 fures.

552 1969 625 2029 tvu

236 2067 342 2128 Cornix
358 2075 387 2127 et
401 2066 491 2126 caries
508 2074 649 2145 vetusque
664 2066 797 2141 bustum,

235 2152 320 2213 turba
337 2152 452 2232 putrida
467 2152 540 2211 facta
559 2151 755 2224 saeculorum,

134 2248 140 2252 “
235 2257 309 2316 aquae
323 2237 425 2297 forsan
440 2237 585 2316 potuisset
599 2256 664 2297 esse
679 2238 777 2298 nutrix

238 2322 356 2382 Tithoni
372 2322 538 2400 Priamique
559 2321 764 2401 Nestorisque,

236 2406 289 2468 illis
306 2407 335 2466 ni
352 2407 450 2486 pueris
465 2426 537 2467 anus
552 2407 668 2479 fnisset,

239 2509 276 2552 ne
293 2492 386 2552 desim
402 2491 470 2564 sibi,
487 2510 534 2552 me
550 2500 648 2570 rogat,
662 2491 784 2552 fututor.

240 2577 308 2655 qnid
326 2577 350 2638 si
367 2595 446 2638 nunc
461 2584 559 2654 roget,
575 2585 609 2636 nt
623 2577 715 2655 pinella
732 2575 803 2639 ilat?
861 2584 864 2589 '

238 2663 263 2722 si
279 2680 418 2722 nummos
435 2669 531 2722 tamen
548 2661 732 2735 bacchabor,
748 2663 842 2742 puella
858 2671 911 2725 est.

550 2850 637 2911 LVlll

238 2950 409 3027 Quicunque
425 2955 557 3008 nostram
572 2948 620 3009 fur
634 2948 768 3010 fefellerit
783 2967 896 3022 curant,

238 3033 401 3094 effeminato
418 3033 560 3093 verminat
574 3034 677 3113 procul
694 3034 774 3109 culc;

239 3138 370 3198 quaeque
384 3119 433 3178 bic
448 3127 581 3196 proterva
599 3119 739 3197 carpserit
754 3138 844 3181 manu
860 3138 948 3198 poma

238 3203 347 3282 puella,
362 3204 473 3263 nullum
491 3205 617 3282 reperiat
631 3204 802 3264 fututorem.

540 3388 640 3449 LVllll

240 3486 424 3549 Praedictum
440 3487 493 3547 tibi
509 3505 545 3546 ne
561 3505 666 3566 negare
680 3487 794 3565 possis:

240 3574 265 3633 si
277 3573 324 3633 fur
340 3572 464 3645 veneria,
478 3573 643 3651 impudicus
659 3572 723 3634 ibis.

565 3754 614 3814 LX

240 3855 269 3914 Si
286 3860 359 3932 quot
373 3853 463 3914 habes
475 3865 597 3926 versum
607 3860 651 3914 tot
666 3854 786 3915 haberes
803 3872 904 3932 poma,
921 3851 1037 3931 Priape,

279 3957 361 3998 esses
377 3940 496 4019 antiquo
512 3939 599 3998 ditior
613 3939 744 3999 Alcinoo.
