2646 4710
541 370 683 426 suumne
1122 375 1164 436 49

58 541 149 586 manu
166 524 265 604 coepit
279 531 307 585 et
322 525 430 586 dicere:
441 517 552 606 “quare
567 545 629 587 non
641 519 809 597 facimus?''
839 535 902 588 tum
919 544 973 605 ego
988 526 1095 589 totiens
1111 546 1164 588 ex·

57 609 162 671 citatus
178 609 264 688 plane
281 611 465 672 vehementer
480 611 619 673 excandui
639 621 668 674 et
682 614 795 675 reddidi
815 612 854 674 illi
874 630 961 674 voces
983 630 1066 674 suas:
1089 602 1166 675 “aut

58 695 166 766 dormi,
184 703 234 755 aut
247 713 302 772 ego
318 695 375 756 iam
391 698 464 773 patri
481 688 599 759 dicam”

600 795 621 834 ,κ
677 808 682 813 .

142 871 257 924 erectus
274 864 320 924 his
337 866 525 927 sermonibus
541 867 695 928 consulere
708 867 927 948 prudentiorem
944 867 1041 946 coepi,
1056 873 1162 928 aetates
1179 863 1219 926 88

56 947 222 1010 tabularum
242 956 271 1008 et
290 951 431 1027 quaedam
454 959 625 1030 argumenta
641 953 713 1013 mihi
730 953 854 1014 obscura
869 952 1015 1030 simulque
1029 970 1164 1013 caussam

56 1033 185 1095 desidiae
201 1035 364 1112 praesentis
379 1044 521 1110 excutere,
538 1055 604 1098 curn
618 1037 833 1116 pulcherrimae
848 1043 924 1097 artes
941 1036 1100 1115 perissent,
1117 1036 1164 1096 in-

46 1126 103 1180 -ter
129 1136 201 1197 quas
227 1119 339 1200 pictura
365 1138 402 1180 ne
427 1122 581 1182 minimum
609 1123 725 1201 quidem
748 1123 794 1184 sui
815 1121 968 1199 vestigium
989 1121 1164 1200 reliquisset.

30 1210 118 1281 ,tum
134 1195 361 1282 illc‘pecuniae’
384 1205 477 1284 inquit
488 1199 647 1286 ‘cupiditas
664 1209 736 1268 haec
749 1207 861 1286 tropica
878 1206 1011 1267 instituit.
1058 1206 1164 1284 priscis

55 1289 135 1349 cuim
155 1288 357 1376 temporibus,
379 1309 444 1351 cum
467 1293 561 1352 adhuc
575 1292 652 1353 nuda
668 1294 758 1353 virtus
775 1293 912 1371 placeret,
933 1292 1068 1369 rigebant
1087 1299 1163 1351 artes
1235 1340 1238 1343 .

56 1372 200 1451 ingenuae
221 1392 428 1452 summumque
449 1383 599 1437 certamen
619 1377 696 1438 inter
714 1377 850 1437 homines
867 1383 940 1449 erat,
955 1393 991 1435 ne
1007 1375 1075 1454 quid
1091 1393 1163 1454 pro-

55 1458 193 1519 laturum
209 1458 329 1519 saeculis
351 1459 400 1519 diu
415 1460 523 1520 lateret.
554 1461 650 1540 itaque
665 1461 821 1522 herbarum
838 1461 968 1521 omnium
986 1478 1091 1520 succos
1108 1460 1164 1520 De·

55 1543 199 1605 mocritus
216 1544 368 1621 expressit,
390 1552 419 1604 et
432 1563 469 1605 ne
483 1545 612 1624 lapidum
628 1546 879 1624 virgultorumque
894 1545 940 1605 vis
955 1546 1164 1618 lateret,aeta·

55 1634 115 1689 tem
136 1629 213 1689 inter
233 1628 430 1706 experimenta
446 1631 641 1710 consumpsit.
671 1630 811 1691 Eudoxos
832 1629 949 1709 quidem
968 1629 998 1689 in
1014 1629 1165 1690 cacumine

56 1712 248 1774 excelsissimi
267 1714 376 1773 montis
398 1715 563 1787 consenuit,
584 1722 617 1776 ut
635 1723 783 1776 astrorum
799 1715 927 1793 caelique
941 1722 1041 1774 motus
1057 1713 1163 1791 depre-

56 1798 208 1870 henderet,
223 1805 251 1858 et
265 1796 461 1877 Chrysippus,
477 1808 510 1861 ut
524 1800 559 1860 ad
575 1798 773 1861 inventionem
788 1800 936 1860 sufficeret
949 1797 1019 1870 veri,
1036 1798 1163 1859 elleboro

56 1883 187 1944 animum
203 1883 331 1943 detersit.
362 1901 463 1944 verum
478 1893 511 1945 ut
526 1885 560 1944 ad
577 1885 686 1963 plastas
698 1892 860 1957 convertar,
878 1883 1039 1962 Lysippum
1053 1891 1164 1942 statuae

57 1969 143 2029 unius
159 1967 336 2028 liniamentis
358 1968 559 2029 inhaerentem
575 1970 673 2048 inopia
687 1970 822 2041 extinxit,
843 1977 871 2029 et
881 1969 994 2046 Myron,
1011 1967 1059 2046 qui
1072 1985 1164 2045 paene

56 2052 170 2115 animas
185 2053 338 2113 hominum
351 2052 542 2132 ferarumque
553 2073 620 2114 aere
633 2054 903 2132 comprehenderat,
917 2070 978 2113 non
991 2052 1100 2112 invenit
1111 2051 1163 2111 be-

56 2137 165 2199 redem.
200 2144 230 2198 at
249 2155 305 2198 nos
324 2137 392 2197 vino
414 2139 578 2217 scortisque
600 2139 726 2199 demersi
746 2158 784 2199 ue
803 2145 918 2217 paratas
944 2137 1060 2215 quidem
1086 2143 1163 2197 artm

56 2223 200 2285 audemus
216 2241 407 2300 cognoscere,
429 2223 479 2282 sed
500 2229 685 2284 accusatores
701 2222 880 2302 antiquitatis
895 2221 963 2282 vitia
979 2229 1091 2282 tantum
1108 2222 1162 2281 do·

56 2325 158 2369 cemus
174 2315 203 2367 et
218 2307 367 2368 discimus.
396 2308 445 2369 ubi
458 2317 504 2369 est
516 2305 684 2369 dialectica?
699 2307 751 2369 ubi
762 2303 966 2369 astronomia?
982 2306 1030 2366 ubi
1044 2306 1162 2383 sapien-

55 2393 112 2454 tiae
129 2391 289 2452 cultissima
305 2390 371 2452 via?
394 2393 473 2471 quis,
490 2393 625 2471 inquam,
642 2393 766 2453 venitin
786 2393 928 2470 templum
950 2399 979 2450 et
992 2398 1093 2451 votum
1116 2390 1162 2450 fe-

56 2478 102 2547 cit,
120 2477 147 2534 si
163 2476 199 2534 ad
214 2476 403 2552 eloquentiam
419 2476 623 2555 pervenisset?
638 2477 713 2557 quis,
730 2478 755 2538 si
770 2476 974 2556 philosophiae
987 2475 1100 2535 fontem
1117 2483 1161 2535 at-

54 2556 195 2640 tigisset?
225 2577 258 2619 ac
272 2577 309 2618 ne
323 2560 428 2621 honam
447 2562 564 2640 quidem
579 2571 707 2623 mentem
724 2569 774 2622 aut
787 2561 896 2623 bonam
908 2559 1093 2621 valitudinem
1106 2578 1162 2637 pe-

56 2653 138 2718 tunt,
163 2644 215 2704 sed
238 2645 335 2704 statim
355 2652 420 2706 ante
440 2664 527 2737 qoam
547 2645 635 2706 limen
650 2646 783 2725 Capitolii
802 2653 933 2724 tangant,
956 2644 1027 2705 alius
1050 2645 1161 2704 donum

57 2729 213 2811 promittit,
236 2728 261 2788 si
277 2729 477 2808 propinquum
493 2729 609 2790 divitem
625 2730 771 2804 extulerit,
792 2731 874 2802 alius,
891 2730 916 2790 si
931 2729 1102 2790 thesaurum
1119 2728 1161 2788 el-

56 2815 176 2886 ioderit,
198 2813 284 2884 alius,
312 2814 338 2874 si
357 2815 392 2874 ad
412 2815 567 2874 trecenties
588 2815 753 2875 sestertium
775 2815 870 2876 salvus
891 2813 1062 2893 pervenerit.
1097 2813 1161 2892 ipse

56 2908 190 2972 senatus,
210 2899 282 2958 recti
303 2897 432 2976 bonique
446 2896 631 2977 praeceptor,
647 2900 723 2959 mille
738 2899 838 2978 pondo
854 2900 916 2960 auri
932 2898 1074 2978 Capitolio
1090 2917 1162 2977 pro-

56 2985 172 3047 mittere
187 2983 270 3056 solet,
286 2989 314 3043 et
328 3002 365 3042 ue
381 2983 446 3061 quis
459 2982 569 3044 dubitet
579 2985 732 3063 pecuniam
744 2985 961 3064 concupiscere,
975 2984 1073 3044 lovem
1086 3002 1162 3061 quo-

56 3089 113 3150 que
138 3068 251 3146 peculio
275 3075 405 3129 exornat.
441 3068 503 3128 noli
528 3087 597 3147 ergo
624 3069 737 3142 mirari,
763 3070 790 3129 si
816 3070 928 3148 pictura
955 3068 1069 3141 defecit,
1096 3086 1162 3129 cum

57 3153 196 3216 omnibus
212 3153 267 3214 diis
282 3153 510 3231 hominibusque
524 3154 686 3215 formosior
706 3154 837 3214 videatur
858 3172 955 3213 massa
976 3153 1052 3226 auri,
1074 3171 1161 3230 quam

56 3238 196 3320 quicquid
211 3237 323 3317 Apelles
339 3237 530 3317 Phidiasque,
547 3238 679 3298 Graeculi
695 3238 862 3310 delirantes,
878 3238 1020 3319 lecerunt.
1051 3237 1102 3297 sed
1118 3236 1161 3295 vi·
1178 3235 1218 3297 89

56 3326 113 3386 deo
132 3332 162 3385 te
180 3330 276 3384 totum
296 3324 327 3383 in
346 3322 391 3383 illa
412 3323 532 3383 haerere
552 3322 667 3392 tabula,
684 3339 756 3399 quae
773 3322 878 3383 Troiae
892 3322 1008 3383 halosin
1025 3320 1161 3382 ostendit.

56 3411 153 3489 itaque
168 3408 297 3470 conabor
312 3426 388 3485 opus
403 3406 537 3467 versibus
552 3407 694 3485 pandere:

221 3494 277 3553 iarn
294 3494 405 3554 decima
421 3499 550 3552 maestos
565 3491 640 3553 inter
655 3490 795 3570 ancipites
811 3498 907 3552 metus

145 3582 151 3588 '
221 3579 350 3656 Phrygas
368 3577 520 3638 obsidebat
533 3576 639 3637 messis
655 3584 683 3637 et
696 3576 769 3637 vatis
786 3576 858 3636 fides

222 3663 382 3724 Calchantis
398 3670 461 3723 atro
477 3662 563 3723 dubia
579 3661 726 3741 pendebat
739 3670 832 3734 metu,

222 3765 287 3808 cum
305 3747 383 3807 Delio
400 3748 534 3824 profante
550 3747 625 3808 caesi
639 3747 761 3807 vertices

223 3831 291 3893 ldae
303 3832 459 3892 trahuntur
474 3832 622 3912 scissaque
637 3832 667 3893 iu
682 3832 790 3891 molem
807 3830 913 3890 cadunt
1046 3848 1061 3896 5
1156 3830 1159 3835 '

222 3915 344 3987 robora,
360 3917 502 3978 minacem
518 3936 592 3995 quae
606 3918 765 3996 figurarent
779 3932 895 3992 equum.

222 4002 350 4081 aperitur
366 4001 469 4081 ingens
485 4010 601 4063 antrum
617 4011 646 4063 et
661 3999 779 4062 obducti
795 4016 916 4077 specus,

109 4094 210 4139 Petronii
224 4095 303 4138 satirae
860 4139 865 4143 ,
945 4098 962 4146 4
