2646 4710
166 371 222 448 80*
638 371 794 427 rnrnouu

165 525 278 587 derium
298 525 465 587 aestuantis.
495 526 637 607 quaedam
653 526 731 586 euim
746 526 872 587 feminae
887 526 1025 588 sordibus
1041 526 1147 600 calent,
1165 543 1221 589 nec
1234 526 1270 588 li·

164 609 293 672 bidinem
309 610 455 672 concitant
469 611 525 673 nisi
541 619 590 673 aut
601 629 701 673 servos
713 611 839 672 viderint
849 619 900 673 aut
911 620 1037 674 statores
1049 612 1133 674 altius
1146 611 1269 674 cinctos.

164 695 271 757 harena
286 696 357 757 alias
373 697 504 758 accendit
518 706 567 760 aut
581 697 717 776 perfusus
732 696 851 777 pulvere
865 698 955 758 mulio
971 705 1021 759 aut
1031 696 1136 769 histrio
1149 716 1270 759 scaenae

165 782 359 843 ostentatione
372 782 535 853 traductus.
565 801 601 843 ιιι
615 783 670 845 hac
683 789 753 843 nota
770 782 890 843 domina
905 791 951 843 est
965 801 1043 844 mea:
1059 801 1152 862 usquc
1167 782 1204 843 ab
1219 802 1268 844 or·

165 868 278 928 chestre
295 867 374 928 llllll
387 868 512 928 transilit
525 875 554 928 et
568 868 598 928 in
613 876 742 928 extrema
758 869 854 972 plebe
857 868 976 971 quaerit·
983 868 1062 948 quod
1078 860 1196 970 diligat’

250 954 347 1031 itaque
367 953 499 1013 oratione
518 953 705 1013 blandissima
726 946 854 1031 plenus‘
862 945 949 1033 rogo'
969 953 1088 1033 inquam
1107 944 1269 1033 ‘numquid

165 1037 220 1106 illa,
237 1055 311 1116 quae
325 1055 373 1097 me
388 1045 478 1111 amat,
493 1047 525 1099 tu
540 1028 608 1098 es?'
637 1038 761 1099 multum
776 1038 842 1098 risit
855 1038 957 1099 ancilla
972 1047 1041 1118 post
1055 1046 1115 1099 tam
1129 1038 1267 1118 frigidum

165 1123 282 1184 schema
302 1128 331 1182 ιι
345 1115 445 1183 nolo'
464 1123 558 1203 inquit
568 1114 636 1183 tihi
655 1131 715 1185 tam
737 1124 817 1184 valde
836 1124 960 1203 placeas.
991 1142 1045 1202 ego
1066 1124 1163 1185 adhuc
1185 1142 1268 1185 servo

164 1224 313 1286 nunquam
336 1208 489 1281 succubui,
509 1227 564 1270 nec
583 1209 639 1268 hoc
658 1208 736 1268 dii
713 1217 821 1279 sinant,
842 1210 1040 1287 utamplexus
1055 1227 1140 1269 meos
1155 1207 1186 1269 in
1202 1227 1268 1270 cru-

165 1311 226 1353 cem
244 1293 366 1354 mittam.
395 1293 521 1355 viderint
535 1302 699 1363 matronae,
715 1312 787 1373 quae
803 1256 982 1372 llagellorum
998 1293 1116 1392 vestigia
1131 1294 1269 1355 osculan-

163 1385 225 1438 tur·
219 1397 299 1482 ,ego
319 1378 432 1439 etiamsi
452 1379 553 1440 ancilla
567 1397 632 1439 sum
640 1396 818 1459 ,nunquam
837 1387 936 1440 tamen
955 1379 1012 1440 nisi
1034 1380 1063 1439 in
1083 1379 1269 1457 equestribus

165 1457 271 1526 sedeo.>
302 1463 401 1524 mirari
420 1466 552 1543 equidem
571 1472 630 1525 tam
647 1464 811 1526 discordem
827 1464 978 1525 libidinem
993 1463 1077 1544 coepi
1091 1472 1179 1543 atque
1194 1464 1271 1526 inter

164 1556 298 1610 monstra
323 1567 492 1622 numerare,
519 1549 597 1628 quod
624 1550 723 1611 ancilla
744 1550 863 1611 haberet
883 1557 1034 1611 matronae
1054 1549 1222 1628 superbiam
1241 1556 1270 1609 et

164 1642 298 1696 matrona
313 1634 432 1696 ancillae
446 1596 647 1695 humilitatem.

250 1720 476 1798 procedentibus
491 1719 595 1779 deinde
609 1719 724 1796 longius
740 1718 813 1779 iocis
829 1719 926 1796 rogavi
942 1719 1089 1791 ancillam,
1110 1719 1190 1781 utin
1204 1718 1269 1798 pla·

163 1811 272 1866 tanona
288 1805 460 1884 perduceret
474 1804 633 1865 dominam.
664 1803 771 1883 placuit
787 1804 896 1883 puellae
908 1805 1074 1865 consilium.
1097 1804 1195 1883 itaquo
1206 1803 1268 1865 col·

163 1889 231 1969 legit
246 1890 332 1951 altius
347 1890 473 1950 tunicam
494 1889 629 1968 llexitque
645 1908 677 1949 se
692 1889 723 1949 in
738 1907 804 1950 eum
821 1889 991 1968 daphnona,
1012 1890 1061 1968 qui
1077 1889 1269 1952 ambulationi

164 1974 310 2036 haerebat
339 1994 393 2036 nec
413 1973 461 2037 diu
481 1983 593 2036 morata
613 1974 761 2035 dominam
782 1975 920 2054 producit
945 1995 960 2035 e
986 1973 1103 2036 latebris
1129 1974 1269 2054 laterique

164 2078 231 2120 meo
251 2061 377 2140 applicat
395 2061 545 2121 mulierem
569 2061 705 2121 omnibus
728 2060 890 2121 simulacris
917 2060 1155 2121 emendatiorem.
1190 2059 1269 2121 nulla

164 2164 219 2205 vox
240 2153 286 2207 est
306 2164 379 2225 quae
399 2146 525 2206 formam
546 2146 608 2206 eius
628 2145 726 2225 possit
749 2145 1009 2224 comprehendere,
1035 2162 1103 2205 nam
1130 2144 1269 2225 quioquid

164 2231 277 2303 dixero,
298 2230 397 2291 minus
418 2231 480 2291 erit.
512 2229 607 2291 crines
629 2230 745 2308 ingenio
767 2248 822 2290 suo
839 2230 904 2291 llexi
924 2248 977 2310 per
997 2237 1077 2291 totos
1097 2249 1129 2291 se
1149 2247 1270 2292 umeros

138 2363 141 2392 z
164 2317 339 2386 effuderant,
358 2315 443 2377 frons
458 2314 578 2375 minima
598 2322 627 2375 et
646 2333 718 2393 quae
732 2315 844 2375 radices
861 2315 1030 2394 capillorum
1044 2323 1124 2377 retro
1140 2316 1269 2389 flexerat,

141 2397 143 2400 ’
164 2401 318 2480 supercilia
337 2419 430 2480 usque
450 2400 485 2461 ad
503 2401 644 2461 malarum
662 2401 836 2478 scripturam
852 2400 995 2462 currentia
1010 2409 1039 2461 et
1052 2419 1158 2462 rursus
1175 2403 1269 2462 conli-

164 2487 213 2547 nio
229 2487 373 2548 luminum
389 2503 481 2566 paene
496 2485 647 2565 permixta,
664 2485 738 2546 oculi
754 2485 889 2546 clariores
906 2486 995 2546 stellis
1008 2494 1086 2548 extra
1099 2487 1198 2547 lunam
1210 2486 1269 2547 ful·

45 2642 48 2646 Δ
164 2572 312 2651 gentibus,
332 2590 416 2633 nares
437 2571 586 2651 paululum
606 2571 726 2632 inllerae
746 2580 774 2632 ιι
794 2571 926 2632 osculum
942 2573 1025 2650 quale
1040 2571 1199 2632 Praxiteles
1214 2572 1269 2633 ha·

163 2657 232 2719 bere
247 2657 366 2718 Dianam
388 2656 518 2719 credidit.
549 2657 605 2716 iarn
627 2663 772 2735 mentum,
792 2657 848 2716 iam
869 2657 976 2727 cervix,
997 2657 1052 2717 iam
1069 2675 1191 2729 manus,
1210 2657 1269 2718 ianr

155 2744 275 2822 pedum
292 2743 402 2804 candor
417 2743 492 2803 intra
507 2741 569 2802 auri
581 2742 686 2820 gracile
697 2741 846 2802 vinculum
859 2742 990 2820 positus:
1007 2742 1125 2802 Parium
1138 2760 1271 2803 inarmor

164 2829 334 2890 extinxerat.
364 2828 460 2906 itaque
475 2835 546 2888 tuno
559 2827 687 2907 primurn
703 2827 810 2888 Dorida
826 2834 907 2888 vetus
923 2834 1036 2888 amator
1051 2827 1217 2908 contempsi

703 2923 724 2962 a

286 2997 353 3076 quid
369 2996 478 3057 factum
494 3004 550 3067 est,
568 2997 647 3074 quod
662 3004 694 3056 tu
710 2995 1019 3076 proiectis‚1uppiter‚
1035 2996 1125 3057 armis

329 3082 404 3143 inter
418 3080 567 3142 caelicolas
581 3080 677 3142 fabula
694 3087 772 3140 muta
787 3078 888 3141 taces?

287 3185 365 3229 nunc
380 3174 442 3228 erat
456 3186 471 3228 a
486 3173 568 3228 torva
583 3166 768 3227 summittere
783 3184 891 3227 cornua
906 3166 1018 3238 fronte,

328 3270 409 3314 nunc
423 3252 521 3332 pluma
537 3269 626 3313 canos
642 3252 825 3314 dissimulare
840 3259 917 3313 tuos.

286 3338 359 3400 haec
372 3355 440 3398 vera
454 3344 499 3398 est
513 3338 618 3400 Danae.
648 3344 758 3417 tempta
774 3338 862 3398 modo
878 3344 995 3415 tangere
1010 3355 1132 3417 corpus,

328 3424 385 3484 iam
401 3431 449 3485 tua
463 3424 637 3484 flammifero
653 3424 783 3484 membra
800 3423 895 3484 calore
910 3422 1001 3482 fluent

704 3522 725 3566 ιι

97 3595 156 3658 127
250 3594 386 3656 delectata
407 3594 452 3654 iha
474 3592 539 3653 risit
557 3600 616 3653 tarn
635 3591 787 3664 blandum,
807 3599 840 3652 ut
854 3592 1000 3653 videretur
1014 3591 1084 3651 mihi
1101 3589 1237 3692 plenum
1235 3607 1268 3651 os

165 3689 246 3741 extra
267 3679 373 3741 nubem
393 3679 461 3739 luna
481 3677 621 3778 prolerre
651 3695 720 3736 mox
743 3676 838 3754 digitis
859 3676 1089 3755 gubernantibus
1110 3694 1209 3736 vocem
1227 3665 1269 3736 ‘si

163 3783 224 3826 non
237 3755 363 3825 fastidis’
384 3762 478 3842 inquit
493 3752 644 3823 ‘feminam
668 3770 798 3822 ornatam
820 3769 848 3822 et
868 3763 924 3823 hoc
939 3762 1066 3842 primum
1082 3778 1159 3822 anno
1174 3760 1269 3821 virum

164 3857 324 3930 expertam,
341 3848 463 3909 concilio
478 3847 538 3920 tibi,
556 3847 707 3920 oiurenis
723 3864 866 3907 sororem.
892 3847 1268 3927 hahestuquidemetlra·

162 3942 249 4008 trem,
263 3953 358 4013 neque
373 3934 450 3995 enim
466 3952 513 3994 me
530 3933 621 4012 piguit
631 3932 788 4011 inquirere3
805 3933 855 3993 sed
868 3933 935 4012 quid
949 3933 1084 4012 prohibet
1095 3940 1123 3993 et
1134 3950 1269 3992 sororem

164 4017 327 4102 adoptare?
356 4019 460 4080 eodem
481 4018 573 4098 gradu
592 4017 686 4079 renio.
711 4026 743 4079 ιιι
758 4023 871 4079 ιιιιιιιιιι
888 4019 1006 4096 dignare
1021 4025 1049 4078 ιι
1063 4034 1163 4078 ιιιιιιιιι
1179 4035 1268 4079 oscu-
