2646 4710
545 341 689 395 sannas
1132 345 1171 409 ιι

65 497 275 576 repositorium
287 495 404 558 allatum
416 503 462 558 est
473 513 540 558 cum
553 496 650 569 corbe,
663 496 693 557 in
706 514 763 575 quo
776 496 881 576 gallina
889 503 952 558 erat
961 496 1054 577 lignea
1065 504 1171 578 paten-

65 581 142 643 tibus
158 583 187 643 in
205 581 305 643 orbem
321 581 382 656 alis,
398 582 497 662 quales
513 600 579 643 esse
590 582 685 642 solent
697 600 770 660 quac
782 582 923 644 incubant
934 602 998 644 ova.
1021 601 1171 645 accessere

66 675 136 728 cont
137 667 206 728 inno
228 667 286 728 duo
309 668 427 728 serviet
443 666 618 766 symphonia
633 672 783 746 strepente
798 667 921 729 scrutari
936 668 1047 748 paleam
1063 687 1176 749 coepe-·

63 759 133 814 runt
148 758 289 832 erutaque
304 752 427 814 subinde
442 753 586 832 pavonina
603 771 655 813 ova
670 752 793 813 divisere
809 752 947 814 convivis.
977 754 1119 815 convertit
1134 755 1170 815 ad

64 837 141 898 hanc
160 856 295 911 scaenam
311 838 487 900 Trimalchio
509 838 668 900 vultumt
639 845 668 898 et
684 829 797 899 ‘amici'
814 829 874 899 ait
880 838 1003 918 pavonis
1020 857 1074 901 ova
1089 839 1170 919 galli-

64 940 119 984 nae
133 923 206 984 iussi
221 924 361 1020 supponi,
391 931 420 985 et
435 922 651 986 meherculest
630 930 719 984 tnneo
735 923 844 984 nciam
860 925 995 1003 concepti
1011 916 1084 999 sint3
1103 931 1170 986 ten·

62 1014 159 1070 temus
174 1015 282 1084 tamen,
297 1028 322 1070 sr
315 1009 431 1071 adhuc
447 1008 567 1070 sorbilia
583 1000 670 1070 sunt.
696 1008 856 1088 accipimus
868 1028 924 1070 nos
937 1009 1097 1071 cochlearia
1107 1027 1170 1072 non

62 1094 161 1156 minus
177 1094 297 1156 selibras
313 1095 467 1174 pendentia
483 1114 592 1192 ovaque
606 1113 641 1155 ex
651 1093 747 1155 farina
762 1094 863 1173 pingui
878 1096 1000 1173 figurata
1015 1096 1169 1174 pertundi-

62 1198 139 1241 mus
169 1199 221 1260 ego
238 1180 362 1262 quidem
370 1199 462 1260 paene
476 1180 587 1260 proieci
602 1186 714 1259 partem
729 1199 836 1254 meam,
852 1198 920 1241 nam
935 1179 1086 1241 videbatur
1097 1181 1170 1242 mihi

61 1264 165 1325 iamin
181 1266 293 1345 pullum
308 1266 413 1326 coisse.
444 1265 549 1325 deinde
565 1273 596 1325 ιιι
610 1264 705 1325 audivi
720 1270 845 1325 veterem
860 1264 1025 1326 convivam:
1036 1257 1102 1328 hic
1116 1283 1169 1327 ne-

62 1350 124 1411 scio
141 1350 209 1430 quid
221 1350 291 1411 boni
303 1349 391 1410 debet
378 1341 479 1409 tessc'
482 1367 629 1428 ,persecu
629 1355 676 1409 tus
692 1355 831 1427 putamen
843 1368 935 1412 manu
945 1349 1168 1430 pinguissimam
1255 1358 1304 1482 ,p

61 1435 237 1497 ficedulam
230 1433 325 1496 rnveni
341 1433 474 1514 piperato
487 1433 581 1494 vitello
598 1433 814 1503 circumdatam.

147 1521 203 1580 ianr
220 1519 395 1581 Trimalchio
412 1518 512 1580 eadem
529 1519 627 1580 omnia
641 1518 726 1580 lusu
719 1518 889 1580 intermisso
900 1527 1078 1599 poposcerat
1091 1520 1165 1582 lece·
1185 1519 1224 1581 34

60 1611 164 1684 ratque
178 1611 353 1684 potestatem
369 1605 445 1666 olara
460 1623 539 1679 voce,
556 1605 581 1665 si
596 1604 661 1684 quis
676 1611 813 1665 nostrum
829 1605 935 1666 iterum
946 1605 1168 1669 velletmulsum

61 1708 192 1764 sumere,
216 1709 282 1752 cum
304 1690 400 1750 subito
421 1689 537 1768 signum
553 1689 729 1769 symphonia
744 1690 829 1750 datur
843 1696 872 1752 et
886 1691 1045 1769 gustatoria
1060 1691 1170 1770 pariter

61 1795 78 1837 a
93 1776 185 1837 choro
202 1782 334 1837 cantante
348 1775 513 1855 rapiuntur.
541 1781 670 1837 ceterum
684 1775 761 1837 inter
775 1776 933 1836 tumultum
949 1795 1016 1838 cunr
1027 1776 1103 1838 forte
1114 1798 1168 1858 pa-

60 1860 155 1941 rapsis
176 1859 329 1922 excidisset
345 1868 373 1921 ct
387 1879 461 1938 puer
474 1859 616 1921 iacentem
632 1860 809 1935 sustulisset,
825 1861 1028 1929 animadvertit
1043 1862 1167 1925 Trimal·

60 1946 126 2007 chio
148 1945 335 2025 colaphisque
356 1944 502 2024 obiurgari
522 1964 647 2024 puerum
666 1965 699 2006 ao
714 1945 847 2026 proicere
860 1963 963 2007 rursus
979 1947 1167 2026 parapsidem

59 2031 155 2093 iussit.
185 2031 336 2091 insecutus
363 2037 408 2090 est
433 2030 597 2092 lecticarius
618 2030 829 2110 argentumque
843 2031 920 2091 inter
933 2030 1042 2111 rquua
1057 2051 1168 2111 purga-

58 2115 157 2177 menta
178 2115 276 2194 scopis
301 2115 398 2192 coepit
417 2134 555 2176 everrere.
600 2114 725 2177 subinde
744 2116 924 2177 intraverunt
939 2116 996 2177 duo
1010 2117 1167 2198 Aethiopes

59 2200 181 2280 capillati
196 2217 261 2262 oum
277 2198 392 2278 pusillis
408 2199 533 2274 utribus,
550 2200 648 2280 quales
661 2201 758 2262 solent
769 2219 835 2262 esse
847 2201 896 2282 qui
907 2201 1048 2263 harenam
1060 2202 1090 2264 in
1103 2222 1167 2264 am-

57 2286 123 2365 phit
110 2287 222 2347 theatro
237 2292 390 2366 spargunt,
406 2284 563 2366 vinumque
578 2285 681 2348 dedere
692 2287 723 2349 in
733 2304 855 2362 manus;
872 2304 976 2367 aquam
989 2287 1067 2349 enim
1079 2306 1166 2350 nemo

57 2370 196 2450 porrexit

144 2456 277 2519 laudatus
290 2475 380 2554 prop
382 2462 427 2517 ter
452 2439 607 2553 elegantias
631 2447 797 2517 dominus
803 2447 945 2554 aequum’
963 2456 1058 2537 inquit
1045 2449 1166 2520 tMars

58 2547 144 2602 amat.
172 2541 296 2639 itaque
289 2542 361 2603 russi
383 2560 465 2602 suam
483 2541 587 2621 cuique
601 2560 734 2603 mensam
750 2541 903 2621 assignari
935 2541 1030 2605 obiter
1044 2551 1073 2605 ιι
1086 2545 1165 2624 puti-

59 2624 174 2687 dissimi
190 2627 266 2687 servi
280 2627 424 2688 minorem
440 2626 526 2687 nobis
541 2633 654 2689 aestum
669 2626 832 2705 frequentia
847 2646 900 2689 sua
913 2619 1041 2690 facient.³

144 2711 242 2772 statIm
263 2711 328 2772 allat
315 2718 362 2772 tac
382 2719 451 2773 sunt
471 2713 629 2810 amphorae
646 2711 753 2773 vitreae
768 2710 920 2789 diligenter
934 2720 1077 2816 gypsatae,
1093 2731 1165 2792 qua-

57 2815 125 2858 rum
147 2796 178 2856 in
200 2790 423 2858 cervicibust
379 2797 423 2877 pit
423 2797 497 2859 tacia
517 2805 601 2858 erant
588 2797 700 2858 taffixa
716 2815 783 2858 ourn
798 2796 857 2856 hoc
870 2796 970 2858 titulo:
992 2790 1165 2859 ‘Falernum

58 2881 245 2961 Opimianum
267 2893 412 2944 annorum
428 2873 565 2944 centum
596 2881 666 2942 dum
681 2882 715 2943 ιιι
703 2880 781 2943 tulos
797 2881 986 2980 perlegimus,
1008 2883 1166 2962 complosit

60 2966 237 3028 Trimalchio
253 2985 359 3047 manus
375 2973 404 3028 et
417 2959 538 3029 ‘eheu''
530 2966 625 3071 rnquit
635 2959 721 3045 ‘ergo
740 2966 811 3028 diut
790 2974 850 3028 trus
866 2968 936 3028 vivit
956 2967 1057 3029 vinum
1077 2986 1164 3048 quam

56 3052 226 3114 homuncio.
261 3071 351 3132 quare
378 3045 472 3134 τέγγε
500 3071 684 3131 πνευμονας
712 3051 862 3114 faciamus
897 3049 954 3113 vita
980 3052 1080 3114 vinum
1111 3061 1164 3115 est.

55 3156 157 3198 verum
173 3138 362 3218 Opimianum
382 3145 507 3240 praesto.
467 3137 600 3199 theri
622 3155 684 3198 non
703 3144 762 3199 tam
773 3136 896 3199 honum
911 3137 1013 3217 posui,
1028 3146 1057 3200 et
1071 3139 1163 3200 multo
1238 3218 1239 3221 Ἴ

56 3223 242 3284 honestiores
258 3215 419 3284 cenabant.
448 3222 618 3302 potantibus
634 3240 704 3299 ergo
720 3221 853 3282 nobist
823 3229 853 3282 et
866 3222 1085 3284 accuratissime
1102 3224 1164 3285 lau-

56 3307 134 3368 titias
159 3309 253 3369 miran
254 3288 463 3399 tibusdarvam
484 3313 648 3384 argenteam
670 3305 763 3366 attulit
783 3325 885 3368 servus
907 3307 949 3369 sic
968 3315 1110 3389 aptatam,
1132 3315 1165 3371 ut

56 3392 168 3455 articuli
193 3394 254 3456 eius
280 3392 484 3471 vertebraeque
508 3389 648 3451 luxatae
640 3409 671 3451 ιιι
694 3407 813 3451 omnem
833 3398 947 3470 partem
969 3393 1163 3455 flecterentur.

57 3478 133 3539 hanc
153 3498 219 3541 curn
241 3497 330 3559 super
351 3494 483 3538 mensam
506 3475 635 3537 semelt
613 3483 777 3556 iterumque
797 3475 961 3552 abiecisset,
977 3485 1005 3539 et
1020 3479 1162 3540 catenatio

57 3563 175 3626 mobilis
182 3564 302 3666 aliquot
316 3565 424 3642 figuras
439 3561 621 3640 exprimeret
637 3561 814 3623 Trimalchio
830 3560 947 3624 adiecit:

182 3641 273 3711 ‘eheu
287 3667 344 3710 nos
359 3648 484 3709 miseros
491 3665 601 3726 ,quam
616 3653 697 3709 totus
712 3646 871 3709 homuncio
887 3647 928 3708 nil
943 3653 996 3708 est.

201 3736 243 3795 sic
257 3735 365 3796 erimus
383 3732 478 3795 cuncti
485 3739 666 3813 ,postquam
680 3750 737 3793 nos
752 3732 864 3794 auferet
879 3732 982 3795 Orcus.

242 3839 311 3898 ergo
328 3819 470 3892 vivamus,
486 3817 556 3880 durn
571 3819 637 3879 licet
624 3826 716 3879 tesse
731 3809 825 3879 bene?

89 3969 92 3973 ,
141 3904 338 3967 laudationem
357 3903 499 3965 ferculum
519 3903 685 3966 insecutum
707 3908 752 3964 est
769 3902 857 4001 plane
875 3919 937 3964 non
957 3921 1012 3982 pro
1028 3906 1161 3981 expecta·
1177 3904 1217 3965 35

56 3990 137 4051 tione
150 4005 304 4069 magnum3
319 3989 432 4051 novitas
447 3995 545 4050 nmen
561 3989 694 4054 omnium
709 3988 853 4050 convertit
867 3987 978 4050 oculos.
1001 3986 1161 4049 rotundum

109 4086 208 4132 Petronii
222 4087 308 4134 satirae.
944 4086 961 4137 2
