2646 4710
167 365 225 443 80„
639 364 795 420 rurnonn

166 518 279 581 derium
299 519 466 580 aestuantis.
496 519 638 600 quaedam
654 519 732 580 enim
747 519 873 580 feminae
888 519 1026 581 sordibus
1042 519 1148 593 calent,
1166 537 1222 582 nec
1234 519 1268 580 li-

165 603 295 666 bidinem
310 604 457 665 concitant
470 605 526 666 nisi
542 612 591 666 aut
602 622 702 666 servos
714 604 839 666 viderint
851 612 901 666 aut
912 613 1038 667 statores
1050 605 1134 666 altius
1147 604 1268 666 cinctos.

165 689 273 751 harena
287 689 358 751 alias
374 690 505 752 accendit
519 699 568 752 aut
581 690 719 770 perfusus
734 690 852 770 pulvere
866 691 956 751 mulio
973 697 1022 752 aut
1032 690 1137 762 histrio
1150 709 1269 752 scaenae

166 776 360 837 ostentatione
374 775 536 847 traductus.
567 795 602 836 ex
616 776 671 838 hac
684 783 755 836 nota
771 776 891 836 domina
907 784 952 838 est
966 794 1045 837 mea.
1060 794 1153 855 usque
1168 775 1205 836 ab
1221 795 1268 837 or·

166 862 280 922 chestra
296 861 375 922 Xllll
389 862 513 922 transilit
527 868 555 922 et
570 861 599 922 in
614 870 743 922 extrema
759 862 855 965 plebe
858 861 969 964 quaerit
984 861 1064 941 quod
1079 853 1197 963 diligat’

252 948 348 1025 itaque
368 946 500 1008 oratione
519 945 707 1007 blandissima
727 940 855 1044 plenus
863 937 950 1026 rogo’
970 946 1090 1027 inquam
1108 937 1269 1025 ‘numquid

166 1031 221 1100 illa,
238 1049 312 1109 quae
326 1049 374 1090 me
389 1040 480 1105 amat,
494 1040 527 1092 tu
541 1022 609 1092 es?'
638 1032 763 1092 multum
778 1031 843 1092 risit
856 1031 958 1092 ancilla
973 1039 1043 1111 post
1056 1039 1115 1092 tam
1130 1030 1268 1110 frigidum

166 1117 283 1177 schema
304 1122 332 1176 et
346 1109 446 1177 ‘'nolo
466 1117 559 1197 inquit
569 1107 638 1177 ‘tibi
657 1125 717 1178 tarn
738 1116 818 1178 valde
837 1117 961 1196 placeas.
992 1135 1046 1195 ego
1068 1117 1165 1178 adhuc
1186 1134 1269 1177 servo

165 1218 314 1280 nunquam
337 1202 491 1275 succubui,
510 1221 565 1263 nec
584 1203 641 1262 hoc
659 1201 698 1262 dii
713 1203 822 1272 sinant,
844 1209 876 1262 ut
891 1202 1041 1281 amplexus
1057 1220 1141 1262 meos
1157 1201 1187 1262 in
1203 1219 1269 1262 cru-

166 1305 227 1347 cem
245 1287 367 1348 mittam.
398 1287 521 1348 viderint
536 1295 700 1357 matronae,
716 1306 789 1367 quae
804 1288 982 1365 llagellorum
999 1286 1117 1385 vestigia
1133 1287 1270 1348 osculan-

165 1378 227 1447 tur3
246 1391 311 1476 ego
320 1372 433 1433 etiamsi
454 1373 554 1434 ancilla
568 1391 648 1447 sum,
669 1390 819 1452 nunquam
838 1380 937 1433 tamen
957 1372 1013 1433 nisi
1035 1373 1064 1432 in
1084 1371 1270 1451 equestribus

166 1451 272 1519 sedeo?
303 1457 401 1518 mirari
421 1459 554 1537 equidem
573 1465 631 1519 tarn
649 1457 813 1519 discordem
828 1457 978 1518 libidinem
995 1457 1078 1538 coepi
1092 1465 1180 1536 atque
1195 1457 1272 1519 inter

165 1552 299 1604 monstra
324 1561 493 1616 numerare,
519 1543 598 1622 quod
625 1544 725 1604 ancilla
746 1544 865 1604 haberet
884 1550 1035 1605 matronae
1055 1543 1223 1622 superbiam
1242 1549 1271 1602 et

165 1637 300 1690 matrona
314 1627 434 1689 ancillae
447 1627 649 1689 humilitatem.

250 1714 477 1793 procedentibus
492 1713 596 1773 deinde
610 1712 726 1791 longius
741 1712 814 1773 iocis
829 1713 927 1790 rogavi
943 1712 1091 1785 ancillam,
1111 1718 1145 1773 ut
1159 1712 1191 1773 in
1205 1711 1269 1791 pla-

165 1806 274 1860 tanona
290 1798 461 1878 perduceret
475 1799 635 1859 dominam.
666 1798 773 1877 placuit
788 1797 897 1877 puellae
909 1799 1076 1859 consilium.
1098 1797 1196 1877 itaquo
1207 1796 1269 1858 col·

164 1884 232 1964 legit
247 1885 333 1945 altius
349 1884 475 1944 tunicam
495 1883 630 1962 flexitque
646 1902 678 1944 se
694 1883 724 1943 in
739 1900 805 1943 enm
822 1883 992 1962 daphnona,
1014 1883 1063 1963 qui
1078 1882 1269 1944 ambulationi

166 1969 311 2031 haerebat
341 1988 394 2030 nec
413 1969 463 2030 diu
483 1976 595 2030 morata
615 1968 763 2030 dominam
784 1969 921 2047 producit
946 1987 961 2029 e
986 1967 1105 2029 latebris
1130 1967 1269 2047 laterique

165 2073 233 2116 meo
253 2055 378 2135 applicat
396 2055 546 2116 mulierem
570 2055 707 2115 omnibus
730 2054 892 2115 simulacris
918 2053 1156 2114 emendatiorem.
1191 2052 1269 2114 nulla

165 2158 220 2200 vox
241 2149 287 2201 est
306 2158 380 2219 quae
400 2140 525 2201 formam
548 2140 609 2200 eius
629 2139 727 2219 possit
750 2139 1011 2217 comprehendere,
1037 2157 1105 2200 nam
1132 2137 1269 2218 quicquid

165 2224 278 2297 dixero,
299 2225 398 2285 minus
419 2225 482 2285 erit.
513 2223 608 2285 crines
630 2223 746 2302 ingenio
769 2242 823 2285 suo
840 2224 905 2284 llexi
925 2242 979 2303 per
998 2232 1079 2284 totos
1098 2242 1130 2284 so
1151 2241 1270 2285 umcros

139 2357 142 2363 ,
166 2310 340 2380 effuderant,
360 2309 444 2371 frons
460 2309 580 2370 minima
600 2317 628 2368 et
648 2327 720 2387 quae
734 2308 845 2368 radices
862 2309 1031 2388 capillorum
1046 2316 1126 2370 retro
1142 2308 1269 2382 flexerat,

143 2390 144 2394 ’
166 2395 319 2475 supercilia
339 2413 432 2473 usque
452 2395 486 2454 ad
505 2395 645 2455 malarum
663 2394 837 2472 scripturam
853 2394 996 2455 currentia
1011 2402 1040 2456 et
1054 2412 1160 2456 rursus
1176 2396 1270 2455 conli-

166 2481 215 2541 nio
232 2481 375 2542 luminum
391 2497 482 2560 paene
497 2479 648 2559 permixta,
665 2479 740 2540 oculi
756 2479 890 2540 clariores
908 2480 997 2540 stellis
1009 2487 1088 2541 extra
1101 2480 1199 2541 lunam
1211 2479 1270 2540 lul·

47 2637 49 2640 .
166 2567 313 2645 gentibus,
333 2584 418 2627 nares
440 2565 588 2645 paululum
608 2565 728 2625 iutlexae
747 2573 775 2625 et
796 2565 927 2626 osculum
944 2566 1027 2644 quale
1042 2565 1200 2626 Praxiteles
1216 2566 1270 2626 ha-

165 2651 234 2713 bere
249 2651 368 2712 Dianam
390 2648 520 2712 credidit.
551 2650 607 2711 iarn
628 2657 773 2729 mentum,
793 2650 850 2710 iam
870 2651 978 2720 cervix,
999 2651 1054 2710 iam
1070 2669 1192 2722 manus,
1213 2650 1270 2711 iarn

157 2739 276 2816 -pedum
293 2737 403 2798 candor
418 2737 494 2797 intra
509 2735 571 2796 auri
582 2735 687 2814 gracile
700 2735 848 2796 vinculum
861 2735 992 2814 positus:
1009 2736 1126 2796 Parium
1139 2753 1272 2796 marmor

166 2823 336 2883 extinxerat.
365 2823 462 2900 itaque
477 2828 547 2882 tunc
561 2820 689 2901 primum
705 2821 812 2882 Dorida
828 2828 909 2882 vetus
925 2829 1037 2882 amator
1052 2821 1218 2902 contempsi

705 2917 725 2956 e

287 2990 355 3072 quid
371 2990 480 3051 factum
496 2998 552 3062 est,
570 2991 648 3068 quod
664 3000 696 3052 tu
711 2989 861 3069 proiectis,
877 2989 1020 3070 luppiter,
1036 2990 1126 3051 armis

331 3076 406 3137 inter
420 3075 568 3135 caelicolas
583 3074 679 3135 fabola
696 3082 774 3135 muta
788 3072 890 3135 taces?

288 3180 367 3223 nunc
382 3168 444 3222 erat
458 3179 474 3221 a
488 3167 570 3222 torva
585 3160 769 3221 summittere
784 3178 893 3221 cornua
907 3160 1020 3232 fronte,

331 3264 410 3309 nunc
425 3245 523 3326 pluma
539 3263 628 3307 canos
644 3245 827 3308 dissimulare
842 3253 919 3307 tuos.

287 3333 361 3394 haec
374 3349 441 3392 vera
455 3338 502 3392 est
515 3332 620 3393 Danae.
649 3339 760 3410 tempta
776 3331 864 3392 modo
880 3339 997 3410 tangere
1012 3349 1134 3410 corpeus,

330 3418 385 3478 iam
403 3425 451 3478 tua
466 3418 639 3478 flammifero
655 3418 786 3478 membra
802 3417 897 3478 calore
912 3417 1003 3477 fluent

706 3516 727 3560 ιι

98 3589 158 3652 127
252 3588 388 3649 delectata
409 3588 454 3648 illa
477 3586 541 3647 risit
559 3594 618 3647 tam
638 3585 789 3658 blandum,
809 3593 843 3646 ut
856 3586 1002 3647 videretur
1015 3584 1086 3645 mihi
1102 3584 1238 3686 plenum
1236 3602 1272 3646 os

167 3682 248 3735 extra
268 3674 374 3735 nubem
394 3673 462 3733 luna
483 3671 623 3773 proferre.
653 3690 722 3730 mox
745 3670 840 3748 digitis
861 3669 1091 3766 gubernantibus
1112 3688 1210 3730 vocem
1229 3659 1272 3730 ‘si

165 3776 226 3820 non
239 3749 365 3819 fastidis’
386 3757 479 3836 inquit
495 3747 646 3817 ‘feminam
670 3763 800 3816 ornatam
822 3763 850 3815 et
870 3756 926 3817 hoc
941 3755 1067 3837 primum
1084 3772 1161 3816 anno
1176 3754 1271 3815 virum

166 3851 327 3923 expertam,
343 3843 465 3904 concilio
481 3841 541 3916 tibi,
558 3861 575 3902 o
591 3842 709 3914 iuvenis
725 3858 868 3901 sororem.
894 3842 984 3902 habes
997 3847 1029 3901 tu
1042 3840 1158 3920 quidem
1171 3848 1199 3900 et
1210 3840 1271 3901 fre-

165 3936 250 4002 trem,
265 3948 360 4008 neque
375 3929 451 3990 enim
468 3947 516 3988 me
532 3927 624 4007 piguit
634 3926 790 4006 inquirere3
806 3927 856 3987 sed
870 3927 937 4006 quid
951 3926 1086 4006 prohibet
1097 3933 1126 3987 et
1136 3944 1271 3986 sororem

166 4011 329 4096 adoptare?
359 4013 462 4075 eodem
484 4013 575 4093 gradu
595 4011 688 4073 venio.
713 4020 745 4072 tu
760 4018 873 4073 tantum
890 4012 1008 4090 dignare
1023 4019 1051 4072 et
1066 4028 1165 4071 meum
1181 4029 1271 4073 oscu-
