2646 4710
555 365 704 420 cultuum

281 531 310 587 at
326 531 359 586 tu
375 522 477 584 sacrati
494 529 648 584 contentus
664 521 790 600 imagine
804 522 886 602 pomi

324 610 370 671 fao
384 627 469 670 veros
484 609 597 670 fructus
614 608 674 683 ille,
689 607 808 687 Priape,
825 608 907 670 ferat.

558 777 706 840 XXXXlll

278 878 374 939 Nolite
390 876 501 950 omnia,
518 895 591 955 quae
605 877 724 955 loquor,
739 884 844 956 putare

279 982 333 1042 per
347 963 446 1023 lusum
463 961 534 1021 milri
545 979 598 1040 per
612 961 767 1039 iocumque
783 962 848 1022 dici.

281 1049 444 1127 deprensos
460 1064 513 1124 ego
528 1053 574 1106 ter
589 1054 748 1125 quaterque
762 1047 843 1106 fures

281 1151 400 1205 onmes,
415 1150 452 1192 ne
468 1131 619 1202 dubitetis,
636 1131 795 1191 irrumabo.

554 1300 712 1361 XXXXllll

285 1403 359 1465 Velle
374 1403 443 1482 quid
459 1403 537 1464 hanc
552 1402 645 1476 dieas,
662 1403 793 1482 quamvis
810 1404 864 1463 sim
881 1403 1009 1482 ligneus,
1025 1404 1153 1480 hastam,

324 1488 421 1550 oscula
438 1488 486 1549 dat
500 1488 597 1548 medio
614 1489 639 1548 si
655 1506 710 1567 qua
726 1488 819 1566 puella
835 1485 931 1549 mihi?

281 1592 389 1679 aupure
404 1591 464 1633 nou
481 1592 557 1650 opus
573 1581 632 1634 est:
645 1566 696 1633 ‘in
711 1565 769 1633 me'
785 1574 857 1634 mihi
873 1574 995 1648 credite,
1012 1574 1084 1635 dixit

333 1666 428 1720 utetur
442 1659 518 1719 veris
533 1659 637 1718 usibus
653 1659 736 1719 hasta
751 1649 852 1719 rudis?

573 1827 704 1888 XXXXV

283 1932 355 1993 Cum
372 1932 518 2011 quendam
534 1930 646 2008 rigidus
663 1930 734 1990 deus
750 1930 861 1992 videret

283 2017 405 2079 ferventi
422 2023 508 2095 caput
522 2017 651 2076 ustulare
666 2015 760 2088 ferro,

283 2108 315 2163 ut
328 2103 444 2163 Maurae
460 2101 561 2162 similis
577 2101 655 2161 foret
669 2101 796 2180 puellae,

279 2177 382 2247 ‘heus'
398 2187 492 2264 inquit
503 2179 571 2246 ‘tibi
587 2185 726 2259 dicimus,
742 2186 873 2258 cinaede,

284 2290 351 2332 uras
367 2279 395 2331 te
410 2270 476 2332 licet
489 2288 585 2349 usque
601 2280 812 2349 torqueasque,

282 2374 354 2418 uum
369 2356 487 2416 tandem
503 2355 586 2435 prior
601 2363 646 2415 est
660 2356 766 2434 puella,
784 2374 908 2435 quaeso,

284 2460 372 2518 quam
388 2448 471 2514 sunt,
488 2440 618 2501 mentula
634 2458 709 2519 quos
726 2440 826 2516 habet,
842 2433 970 2520 capillil’

562 2609 706 2671 xxxxv!

282 2714 306 2774 0
323 2730 383 2773 non
399 2713 550 2773 candidior
565 2713 658 2792 puella
674 2714 790 2784 lllauro,

283 2799 334 2859 sed
351 2797 520 2859 morbosior
537 2799 674 2859 omuibus
692 2798 833 2871 cinaedis,

282 2884 427 2961 Pygmaeo
444 2883 559 2943 brevior
575 2901 677 2961 gruem
692 2884 821 2957 timenti,

283 2966 360 3026 ursis
377 2967 509 3045 asperior
523 2968 718 3046 pilosicrque,

283 3051 373 3111 lledis
389 3051 480 3111 laxior
495 3051 661 3130 Indicisque
677 3052 802 3124 braccis,

281 3152 383 3196 manes
398 3136 446 3196 luc
460 3135 526 3197 licet
537 3144 569 3197 ut
584 3136 710 3205 libenter
725 3137 798 3198 ires:

282 3240 349 3281 nam
366 3222 496 3299 quamvis
514 3222 608 3282 videar
624 3222 694 3284 satis
711 3231 842 3301 paratuS,

283 3324 435 3366 erucarum
454 3326 528 3385 opus
545 3315 589 3368 est
605 3307 704 3368 decem
722 3309 875 3387 maniplis,

282 3392 378 3451 fossas
395 3391 521 3469 inguinis
537 3400 570 3452 ut
584 3400 676 3453 teram
695 3393 849 3472 dolemquo

285 3476 369 3536 cunni
383 3477 556 3537 vermiculos
572 3477 783 3539 scaturrientis.

558 3658 718 3722 XXXXVll

284 3750 456 3837 Quicunque
471 3768 616 3833 vestrum,
632 3762 681 3840 qui
697 3763 799 3822 venitis
815 3763 851 3824 ad
867 3782 984 3837 cenam,

281 3844 371 3905 libare
386 3844 481 3904 nullos
498 3844 624 3905 sustinet
638 3844 709 3905 mihi
725 3865 838 3921 versuo,

283 3929 359 3989 illius
376 3947 450 3990 uxor
466 3938 515 3990 aut
530 3929 621 3990 amica
636 3929 752 3991 rivalem

283 4013 460 4076 lasciviendo
475 4014 656 4094 languidum,
671 4034 790 4096 precor,
805 4019 920 4094 reddat,
