2646 4710
166 357 209 420 26
644 355 800 412 ιιιιοιιιι

163 511 412 591 quemadmodum
438 511 477 573 illi
503 511 626 594 Cyclops
651 512 785 593 pollicem
810 512 944 593 poricino
963 509 1106 573 extorsit?
1140 511 1278 574 solebam

166 597 238 658 haec
249 616 303 676 ego
317 616 391 677 puer
406 604 477 677 aput
490 598 652 659 Homerum
666 599 769 677 legera
799 616 869 659 nam
885 597 1021 677 Sibyllam
1038 597 1158 676 quidem
1173 597 1277 658 Cumis

166 701 219 761 ego
235 683 304 784 ipsc
313 684 405 744 oculis
420 684 493 744 meis
509 683 588 744 vidi
581 700 612 743 ιι
627 684 753 763 ampulla
768 683 907 764 pendere,
924 691 954 744 et
964 702 1029 744 cerm
1042 682 1081 743 illi
1093 682 1180 761 pueri
1195 683 1277 745 dice-

167 774 246 828 rent:
262 760 417 848 Σίβυλλα,
432 788 466 828 τι
460 762 616 844 'dalem
630 770 829 864 respondebat
841 769 900 830 illa:
917 761 1102 830 ἀποθανεῖν
1116 760 1223 829 θέλω.

113 857 151 918 49
252 854 386 913 nondum
407 853 554 914 efllaverat
574 853 687 926 omnia,
703 873 771 916 cnm
786 853 997 950 repositorium
1013 871 1080 914 cum
1095 870 1150 914 sue
1163 853 1275 931 ingenti

166 955 300 998 mensam
321 938 480 1017 occupavit.
510 939 610 999 mirari
628 957 684 1000 nos
704 940 880 1001 celeritatem
899 938 1051 1018 coepimus
1072 945 1101 999 et
1119 938 1221 999 iurare
1239 957 1276 1001 ne

166 1023 270 1100 gallum
292 1022 408 1119 quidam
428 1023 614 1102 gallinaceum
633 1030 695 1085 tam
709 1024 767 1085 cito
783 1024 923 1104 percoqui
938 1030 992 1103 pot
979 1023 1086 1097 t‚uisse
1107 1029 1192 1084 tanto
1209 1025 1276 1103 qui·

166 1108 233 1169 dem
248 1108 356 1185 magis,
379 1109 458 1187 qnod
476 1109 563 1186 longo
581 1110 675 1171 maior
689 1109 776 1170 nobis
791 1127 900 1206 porcus
916 1108 1067 1171 videbatur
1082 1127 1162 1180 esse,
1185 1127 1274 1188 quam

167 1193 254 1294 paulo
269 1200 336 1254 ante
350 1211 419 1272 aper
434 1194 537 1255 fuerat.
567 1194 673 1256 deinde
687 1196 779 1274 magis
794 1195 947 1274 magisque
961 1193 1140 1255 Trimalchio
1155 1194 1274 1256 intuma

167 1296 233 1339 eum
245 1269 350 1357 quid?
365 1270 494 1358 quid‘l’'
486 1278 580 1359 inquit
591 1271 713 1360 ‘porcus
726 1281 774 1342 hic
788 1297 850 1341 non
861 1288 906 1342 est
894 1276 1117 1342 texinteratusl
1132 1296 1197 1340 non
1212 1299 1275 1341 me·

167 1364 298 1425 hercules
322 1371 375 1425 est.
405 1383 489 1436 voca,
512 1383 583 1427 voca
606 1385 711 1428 cocum
733 1366 763 1427 in
786 1356 902 1427 m'edio?
939 1384 1005 1426 cum
1032 1364 1217 1426 constitisset
1240 1365 1274 1427 ad

168 1468 299 1510 mensam
317 1468 405 1510 cocus
421 1450 513 1512 tristis
529 1458 558 1511 et
573 1451 682 1512 diceret
696 1470 729 1512 so
744 1451 866 1513 oblitum
882 1469 948 1512 csse
962 1449 1136 1522 exinterare,
1159 1441 1274 1530 quidl

168 1526 311 1596 oblitusi'
340 1536 515 1596 Trimalchio
536 1528 700 1598 exclamat
708 1544 793 1615 putes
808 1536 888 1597 illum
904 1535 1032 1615 piparet
1047 1534 1199 1597 cuminum
1214 1554 1275 1598 non
1318 1556 1319 1563 ¹

168 1621 337 1682 coniecisse
360 1612 509 1699 despolia.
535 1639 597 1681 non
617 1622 651 1682 tlt
670 1639 768 1694 mora,
788 1621 967 1700 despoliatur
986 1639 1074 1681 cocus
1094 1627 1181 1700 atque
1200 1621 1276 1683 inter

167 1706 243 1766 duos
268 1713 329 1766 tort
330 1724 396 1766 ores
422 1713 551 1767 maestus
574 1706 719 1768 consistit.
753 1669 904 1786 deprecari
923 1713 1019 1768 tamen
1043 1723 1149 1767 omnes
1167 1725 1275 1787 coepa-

165 1797 290 1852 runtet
277 1791 425 1852 tdicere:
452 1783 541 1852 solet
565 1792 643 1865 fieri:
667 1808 823 1895 rogamus,
847 1792 960 1865 mittas:
986 1799 1089 1871 postea
1116 1791 1141 1852 si
1165 1792 1276 1866 lecerit,

167 1895 256 1937 nemo
271 1884 408 1938 nostrum
423 1894 478 1956 pro
494 1877 541 1938 illo
553 1839 687 1956 rogabit.³
716 1895 780 1956 ego,
797 1877 1015 1938 crudelissimae
1030 1874 1202 1951 severitatis,
1215 1896 1276 1940 ιιι

164 1962 251 2042 potui
266 1970 440 2066 metaneae,
460 1963 511 2023 sed
527 1963 681 2024 inclinatus
697 1963 733 2023 ad
745 1981 844 2024 aurem
858 1962 1086 2042 Agamemnonis
1098 1952 1238 2040 ‘'‘plane
1229 1981 1276 2026 ιιι·

168 2066 255 2128 quam
276 2040 343 2108 bic
367 2048 453 2109 debet
478 2065 581 2110 servus
603 2067 669 2109 esse
688 2048 902 2144 nequissimus:
928 2048 1030 2126 alionis
1057 2047 1277 2112 oblivisceretur

167 2150 302 2234 porcum
307 2130 488 2193 exirrterarei
503 2151 566 2194 non
576 2134 756 2194 mehercules
769 2133 827 2194 illi
820 2151 1013 2212 ignoscerem
1028 2133 1052 2193 si
1064 2132 1176 2212 piscem
1189 2153 1276 2213 prae·

167 2209 302 2279 ιιιιιιιιῖ
332 2225 361 2278 ιι
381 2236 443 2278 non
463 2220 504 2278 ιιι
524 2218 715 2292 Trimalchio
738 2219 787 2315 qui
806 2219 958 2280 relaxato
952 2236 982 2278 ιι
1002 2217 1175 2280 hilaritatem
1195 2220 1276 2283 vultu

165 2294 257 2405 ergo'
272 2296 386 2383 inquit‘
390 2303 457 2383 quia
472 2311 532 2364 ιιιι
547 2305 641 2366 ιιιιιι
655 2305 815 2365 memoriae
831 2324 873 2375 es,
888 2304 983 2383 palam
998 2303 1085 2364 nohis
1099 2304 1181 2365 illum
1193 2306 1277 2367 exin

143 2447 145 2453 .
168 2380 248 2450 tara.³
277 2395 393 2466 recepta
409 2407 498 2450 cocus
513 2389 611 2451 tunica
627 2391 750 2451 cultrum
767 2389 890 2469 arripuit
904 2389 1045 2469 porcique
1060 2397 1192 2450 ventrem
1208 2391 1278 2453 hinc

168 2482 254 2571 atque
268 2473 346 2535 illinc
360 2474 459 2536 timida
475 2492 566 2536 manu
581 2476 683 2536 secuit
713 2493 769 2536 nec
779 2493 871 2547 mora,
888 2495 922 2536 ex
934 2474 1026 2555 plagis
1038 2475 1178 2554 ponderis
1191 2476 1277 2538 inoli-

168 2560 287 2622 natione
302 2561 499 2621 crescentibus
514 2562 659 2623 tomacula
675 2580 743 2621 cum
757 2560 865 2639 botulis
881 2562 973 2622 effusa
987 2568 1066 2622 sunt

113 2649 152 2710 50
253 2646 386 2725 plausum
408 2647 553 2726 posthoc
571 2654 753 2709 automatum
773 2647 882 2708 familia
903 2646 982 2708 dedit
1001 2639 1124 2707 et‘Caio
1139 2637 1277 2709 feliciter’

169 2732 368 2793 conclamavit
390 2750 445 2793 ιιι
460 2751 521 2793 ιιι
534 2752 622 2795 cocus
635 2733 757 2812 potione
768 2734 929 2794 honoratus
942 2740 996 2804 est,
1009 2733 1095 2793 etiam
1107 2738 1277 2808 argenteam

114 2893 121 2901 ῃ
170 2835 310 2878 coronam
335 2818 554 2896 poculumque
547 2837 577 2879 ιι
593 2819 675 2880 lance
691 2819 804 2897 accepit
817 2818 976 2878 Corinthia
1006 2837 1093 2894 quam
1116 2836 1183 2878 cum
1199 2818 1277 2896 Aga-

169 2918 311 2961 memnon
325 2902 448 2980 propius
465 2903 672 2975 consideraret,
651 2904 728 2964 tait
741 2902 932 2963 Trimalchio:
951 2893 1045 2961 solus
1061 2920 1128 2962 sum
1144 2901 1193 2979 qui
1209 2921 1277 2965 sera

170 2987 327 3047 Corinthea
346 2978 487 3047 habeam?
517 2988 719 3065 expectabam,
738 2994 772 3047 ut
789 3004 844 3064 pro
862 2987 974 3090 reliqna
994 2985 1147 3046 insolentia
1169 2986 1278 3050 dicaret

168 3072 224 3132 sibi
240 3090 306 3132 vasa
319 3071 459 3132 Corintho
472 3072 578 3132 ailerri.
606 3072 657 3132 sed
672 3071 718 3132 ille
733 3071 850 3132 melius:
862 3064 904 3131 ‘et
917 3061 1050 3133 forsitan’
1066 3062 1179 3149 inquit
1183 3089 1277 3149 quac-

169 3158 209 3217 ris
232 3175 321 3236 quare
342 3157 423 3217 solus
439 3155 541 3218 Corint
542 3157 596 3216 bea
611 3175 677 3217 vera
695 3157 877 3235 possideam:
898 3157 963 3235 quia
979 3155 1091 3217 scilicet
1078 3157 1245 3231 tertiarius,
1261 3177 1277 3219 a

169 3261 227 3322 qno
243 3260 318 3313 emo,
335 3243 491 3303 Corinthus
508 3249 638 3303 vocatur.
667 3242 798 3321 quidest
811 3248 907 3303 autem
923 3241 1121 3314 Corintheum,
1137 3242 1194 3302 nisi
1211 3244 1277 3340 quis

168 3327 342 3388 Corinthum
354 3325 481 3389 habeat?
504 3335 534 3389 et
544 3346 581 3388 ne
593 3346 641 3388 me
652 3327 759 3423 putetis
772 3327 924 3406 nesapium
937 3343 1011 3396 esse,
1027 3325 1108 3387 valde
1119 3327 1193 3388 bene
1205 3329 1277 3401 scio,

170 3414 247 3473 undo
261 3412 391 3490 primum
407 3413 564 3475 Corinthea
580 3420 647 3473 nata
668 3412 735 3472 sint.
767 3431 835 3473 enm
849 3412 935 3473 Ilium
950 3417 1068 3490 captum
1089 3420 1147 3483 ast,
1164 3412 1277 3474 Hanni-

168 3499 230 3569 bal,
250 3498 341 3558 homo
362 3497 492 3559 vafert
463 3505 492 3558 et
506 3515 632 3574 magnus
647 3515 661 3556 s
663 3497 746 3569 telio,
767 3515 873 3559 omnes
886 3504 996 3558 statuas
1011 3514 1118 3558 aeneas
1131 3504 1161 3558 et
1174 3516 1276 3560 aureas

170 3591 200 3643 et
214 3590 366 3660 argenteas
382 3582 412 3643 in
428 3601 522 3644 unum
536 3600 642 3659 rogum
664 3581 814 3660 congessit
828 3591 856 3643 et
871 3600 919 3643 eas
935 3580 1077 3652 incendit:
1097 3584 1187 3643 iactae
1206 3590 1277 3645 sunt

169 3669 311 3728 inunum
334 3685 400 3727 aera
418 3666 612 3728 miscellanea.
645 3666 684 3726 ita
704 3686 737 3727 ex
758 3667 813 3727 hac
831 3685 928 3729 massa
951 3665 1024 3727 labri
1045 3668 1228 3729 sustulerunt
1248 3675 1277 3729 at

168 3753 300 3812 fecerunt
315 3752 405 3812 catilla
421 3759 450 3812 ot
464 3752 634 3831 parapsides
650 3762 676 3812 et
691 3753 862 3814 statuncula.
892 3751 936 3813 sic
947 3748 1100 3812 Corinthea
1116 3760 1183 3813 nata
1198 3761 1276 3826 sunt,

170 3857 205 3898 ex
220 3836 358 3898 omnibns
372 3837 403 3897 in
418 3855 526 3911 unum,
544 3855 598 3898 nec
613 3838 672 3897 hoe
685 3855 739 3899 nec
753 3836 833 3898 illud.
861 3835 1018 3914 ignoscetis
1034 3836 1121 3906 mihi,
1136 3837 1215 3913 quod
1231 3838 1275 3899 di-

168 3942 252 3985 xero:
274 3940 326 4001 ego
347 3924 425 3983 malo
443 3923 515 3983 mihi
529 3922 629 3997 vitrea,
645 3929 724 3983 certe
740 3938 803 3983 non
819 3922 911 3983 olunt.
941 3921 1020 4001 quo?
1046 3920 1067 3966 n
1081 3936 1143 3981 non
1158 3921 1275 4001 frange-

114 4013 151 4072 51
169 4016 283 4081 rentur,
304 4007 418 4069 mallem
433 4008 505 4070 mihi
521 4026 608 4088 qnam
623 4026 743 4083 aarum:
761 4025 844 4069 nunc
855 4015 948 4070 ιιιιιιι
974 4009 990 4029 ·“
1076 4041 1098 4050 -
1114 4013 1131 4069 ι
1156 4005 1213 4071 luit
1227 4015 1273 4071 ta-

1288 4152 1319 4269 'i
