2646 4710
145 351 185 411 72
620 346 777 399 Pnruorm
889 371 892 380 =

145 503 201 564 sub
213 501 337 597 testibus
348 502 435 562 fides:
461 509 609 604 tamquam
621 501 647 562 si
658 501 754 580 placet
767 500 815 562 hic
826 500 962 581 impetus,
978 501 1065 562 etiam
1077 501 1104 562 si
1114 501 1248 562 nondum

145 588 257 669 recepit
272 588 402 648 ultimam
418 605 538 648 manum

683 681 704 719 bb

78 750 137 811 119
285 747 398 819 ‘orbem
415 756 472 817 iam
488 762 583 816 totum
598 755 691 816 victor
706 756 856 816 Romanus
871 755 1009 829 babebat,

247 860 302 920 qua
315 860 409 913 mare,
425 847 602 920 quaternae,
619 860 674 919 qua
690 841 771 901 sidus
787 841 877 902 currit
891 847 1058 920 utrumque.

246 944 301 986 nec
316 927 436 987 satiatus
453 932 523 987 erat.
554 926 679 1004 gravidis
694 926 767 986 freta
783 927 867 1005 pulsa
883 926 988 987 carinis

184 1062 188 1065 ,
246 1012 301 1072 iam
318 1011 544 1090 peragebantur,
560 1011 585 1072 si
601 1011 666 1090 quis
682 1011 764 1072 sinus
779 1011 893 1072 abditus
911 1012 999 1081 ultra,

197 1113 211 1162 5
247 1096 272 1156 si
289 1114 344 1174 qua
359 1096 438 1156 foret
451 1096 550 1168 tellus,
567 1115 641 1174 quae
655 1095 765 1156 fulvum
782 1096 909 1157 mitteret
922 1115 1039 1170 aurum,

246 1182 340 1242 hostis
356 1189 431 1255 erat,
446 1180 572 1260 fatisque
586 1181 616 1242 in
631 1180 724 1242 tristia
739 1181 811 1242 bella
826 1181 935 1260 paratis

246 1266 459 1346 quaerebantur
475 1285 556 1346 opes.
586 1285 647 1327 non
663 1267 749 1345 vulgo
765 1274 834 1327 nota
849 1265 1003 1345 placebant

247 1351 357 1430 gaudia,
373 1369 435 1411 non
450 1370 504 1412 usu
521 1352 635 1430 plebeio
651 1351 716 1412 trita
733 1352 875 1430 voluptas.

246 1455 295 1497 aes
309 1437 519 1517 Ephyreiacum
534 1436 669 1498 laudabat
682 1437 765 1497 miles
780 1437 810 1497 in
826 1436 918 1510 unda3

182 1536 212 1586 10
248 1522 396 1600 quaesitus
411 1521 512 1582 tellure
527 1522 607 1583 nitor
622 1528 780 1583 certaverat
794 1529 902 1600 ostro,

249 1606 318 1667 binc
333 1606 474 1667 Numidae
489 1616 641 1681 accusant,
656 1607 734 1668 illinc
747 1624 821 1668 nova
838 1605 941 1668 vellera
958 1605 1060 1679 Seres,

246 1699 333 1769 atque
348 1691 475 1751 Arabum
491 1693 618 1771 populus
634 1711 687 1753 sua
702 1690 914 1771 despoliaverat
928 1710 1002 1754 arva.

246 1794 312 1836 cccc
329 1776 399 1837 aliae
416 1776 510 1837 clades
525 1785 554 1838 ct
567 1777 661 1838 laesae
674 1778 792 1838 vulnera
807 1776 897 1855 pacis.

141 1927 144 1930 Δ
248 1861 395 1940 quaeritur
411 1861 440 1921 in
456 1861 537 1922 silvis
549 1881 620 1923 auro
635 1862 709 1934 fera,
726 1870 755 1924 et
768 1862 888 1923 ultimus
904 1861 1052 1924 Hammon

181 1961 212 2012 15
248 1945 384 2007 Afrorum
401 1947 557 2022 excutitur,
572 1965 609 2007 ne
625 1947 701 2008 desit
714 1947 797 2009 belua
813 1947 898 2008 dente

248 2030 283 2092 ad
301 2039 411 2092 mortes
427 2034 568 2111 pretiosa3
583 2032 676 2094 fames
692 2033 799 2112 premit
813 2033 922 2095 advena
937 2031 1061 2105 classes,

246 2116 328 2194 tigris
345 2124 374 2176 et
388 2123 487 2178 aurata
503 2117 638 2195 gradiens
653 2124 782 2179 vectatur
796 2118 825 2178 in
842 2119 919 2190 aula,

248 2208 282 2261 nt
295 2200 374 2260 bibat
388 2201 549 2262 humanum
565 2202 675 2282 populo
691 2204 846 2282 plaudente
862 2221 1005 2265 cruorem.

247 2285 318 2358 beu,
333 2286 424 2363 pudet
438 2286 516 2347 ellari
532 2287 719 2367 perituraque
734 2289 860 2367 prodere
873 2289 946 2361 fata,

182 2385 215 2436 ao
250 2369 409 2431 Persarum
425 2370 483 2432 ritu
498 2372 572 2432 male
586 2372 815 2451 pubescentibus
830 2372 915 2434 annis

248 2454 420 2534 subripuere
436 2455 513 2517 viros
530 2465 685 2536 erectaque
701 2458 810 2519 viscera
824 2457 904 2518 ferro

247 2541 277 2601 in
293 2559 426 2601 venerem
442 2540 568 2621 fregere3
583 2549 668 2622 atque
681 2551 715 2604 ut
728 2543 797 2622 fuga
812 2543 918 2604 nobilis
934 2543 994 2604 aeri

248 2625 467 2705 circumscripta
483 2646 564 2688 mora
581 2637 773 2708 properantes
789 2629 902 2690 diderat
916 2646 1025 2700 annos,

246 2714 359 2790 quaerit
372 2730 405 2772 se
420 2719 521 2773 natura
536 2731 591 2774 nce
605 2713 723 2774 invenit.
754 2714 890 2775 omnibns
907 2731 975 2792 ergo

181 2810 213 2861 25
249 2806 346 2857 scorta
361 2797 475 2875 placent
488 2798 630 2878 fractique
645 2799 741 2860 enervi
757 2817 882 2878 corpore
895 2816 1015 2877 gressus

247 2887 276 2940 et
290 2881 347 2940 laxi
362 2881 456 2941 crines
473 2889 502 2943 et
515 2888 560 2942 tot
574 2901 649 2945 nova
664 2884 784 2945 nomina
799 2883 902 2955 vestis,

247 2982 380 3043 quaeque
395 2965 488 3025 virum
505 2977 659 3043 quaerunt.
690 2987 757 3028 ecee
770 2967 848 3028 Afris
863 2973 944 3027 eruta
958 2965 1045 3026 terris

247 3048 334 3109 citrea
349 3066 464 3121 mensa,
479 3067 579 3128 greges
595 3070 749 3113 servorum
765 3059 936 3129 ostrumque
950 3050 1088 3112 renidens

247 3134 367 3213 ponitur
381 3152 414 3195 ac
427 3134 548 3195 maculis
563 3134 694 3197 imitatur
707 3135 809 3197 vilibus
825 3154 928 3197 aurum

181 3232 213 3282 30
248 3237 323 3297 quae
337 3237 458 3280 sensum
474 3220 577 3281 trabat.
603 3221 662 3283 hoc
676 3220 775 3282 sterile
790 3239 824 3281 ac
839 3220 912 3282 male
927 3220 1024 3282 nobile
1038 3221 1150 3299 lignum

245 3302 331 3365 turha
346 3304 458 3384 sepulta
473 3323 554 3366 mero
571 3305 680 3368 circum
695 3305 784 3378 venit,
801 3304 956 3384 omniaque
971 3304 1050 3365 orbis

247 3388 375 3468 praemia
391 3390 533 3470 correptis
549 3391 631 3452 miles
647 3409 736 3471 vagus
752 3390 860 3453 essurit
876 3389 975 3451 armis.

247 3474 397 3552 ingeniosa
413 3475 477 3554 gula
493 3483 545 3536 est.
575 3475 672 3537 Siculo
688 3493 789 3536 scarus
805 3494 931 3555 aequore
947 3493 1063 3536 mersus

247 3559 282 3621 ad
298 3579 432 3622 mensam
448 3560 528 3620 vivus
546 3559 727 3640 perducitur,
742 3568 828 3640 atque
842 3559 975 3622 Lucrinis

180 3656 212 3707 35
247 3653 328 3706 eruta
342 3644 478 3706 litoribus
493 3645 622 3707 vendunt
637 3644 786 3725 conchylia
802 3664 903 3718 cenas,

246 3740 279 3791 ut
293 3737 435 3791 renovent
448 3748 502 3808 per
516 3729 621 3792 damna
635 3731 752 3792 famem.
783 3729 841 3790 iam
856 3730 1000 3792 Phasidos
1016 3730 1108 3793 unda-

246 3814 346 3876 orbata
362 3823 408 3876 est
422 3815 537 3889 avibus,
551 3823 693 3895 mutoque
708 3815 738 3877 in
751 3813 836 3876 litore
850 3823 964 3878 tanturn

245 3900 324 3961 solae
338 3899 461 3962 desertis
476 3900 626 3982 adspirant
639 3899 793 3963 frondibus
810 3920 905 3963 aurae.

245 4003 301 4048 nec
314 3984 413 4048 minor
427 3985 458 4049 in
475 4005 578 4069 campo
593 3986 678 4048 furor
693 3992 751 4057 est,
767 3987 916 4068 emptique
931 3984 1060 4059 Quirites
