2646 4710
552 345 694 399 5555555
800 322 808 339 ’
1106 357 1167 428 ,51

230 495 287 557 iam
302 504 397 559 morte
410 498 488 576 pasti
503 498 692 578 membraque
705 499 742 560 ad
757 506 865 567 terram
879 504 1008 568 trahunt.
1067 521 1101 573 5ο

230 580 305 642 15551
318 583 455 644 sacerdos
470 583 545 644 inter
559 602 624 646 aras
639 584 755 647 victima

228 672 394 746 terramque
409 668 525 746 plangit.
557 669 599 730 sic
613 670 775 748 profanatis
790 672 881 735 sacris

228 751 357 830 peritura
374 754 462 814 Troia
477 753 603 832 perdidit
617 755 745 834 primum
763 756 844 820 deos.

169 845 172 849 ’
278 837 335 898 iam
352 838 436 916 plena
450 839 568 900 Phoebe
583 840 739 903 candidum
754 843 894 904 extulerat
907 843 990 908 iubar

229 921 343 983 minora
359 925 469 985 ducens
485 933 563 985 astra
576 925 701 986 radianti
715 927 793 1002 face,
1066 946 1098 996 55

228 1026 295 1068 cum
311 1008 386 1069 inter
402 1009 532 1089 sepultos
549 1010 710 1074 Priamidas
725 1019 812 1074 nocte
828 1019 856 1074 51
870 1032 958 1074 mero

227 1092 317 1153 Danai
330 1096 457 1155 55155551
473 1094 600 1157 51555155
615 1103 644 1157 51
658 1097 812 1158 5115551551
825 1099 914 1160 viros.

227 1185 339 1239 tentant
354 1179 384 1239 in
399 1180 487 1240 armis
504 1199 535 1240 se
551 1180 652 1254 duces,
670 1201 721 1242 ceu
737 1182 786 1242 ubi
802 1184 877 1244 solet

226 1263 305 1324 uodo
317 1264 462 1326 remissus
478 1265 609 1340 Thessa&
625 1267 791 1345 quadrupes
806 1268 866 1345 iugi

227 1348 367 1410 cervicem
383 1358 411 1410 et
426 1350 496 1410 altas
512 1359 631 1429 quatere
647 1353 682 1412 ad
698 1371 853 1413 excursum
869 1352 962 1414 iubas.
1065 1370 1098 1421 55

226 1433 336 1511 gladios
352 1443 523 1509 retractant,
539 1445 727 1498 commovent
742 1437 830 1498 orbes
845 1455 937 1501 manu

224 1517 389 1598 bellumque
404 1528 533 1581 sumunt.
564 1522 612 1582 hie
626 1540 726 1599 graves
743 1523 816 1583 alius
833 1542 915 1584 mero

226 1603 379 1666 obtruncat
393 1614 421 1666 et
437 1607 633 1668 continuatio
648 1613 772 1668 mortem
788 1607 920 1670 ultimam

225 1707 362 1763 5555555,
379 1691 414 1750 ab
429 1691 487 1751 aris
504 1693 576 1752 alius
592 1692 722 1753 accendit
736 1693 814 1753 faces

224 1782 384 1872 contraque
400 1777 492 1837 Troas
509 1776 624 1838 invocat
640 1777 743 1838 Troiae
758 1768 859 1839 sacra’
1061 1794 1093 1843 65

167 1877 242 1919 ..ex
256 1859 290 1933 is,
306 1861 355 1938 qui
370 1860 400 1922 in
415 1862 576 1941 porticibus
594 1862 756 1942 5551151551
745 1871 799 1936 tur,
815 1862 948 1958 lapides
940 1880 971 1923 1n
982 1861 1162 1942 Eumolpum
1177 1868 1217 1929 90

58 1902 230 2004 recitantem
246 1945 398 2007 miserunt.
428 1954 458 2007 at
445 1947 525 2019 tille,
542 1966 591 2025 qur
583 1947 764 2025 ''plausum
757 1948 864 2026 ingenii
880 1947 926 2009 sui
940 1955 1073 2022 noverat,
1088 1967 1161 2028 ope-

56 2027 118 2087 ruit
137 2036 226 2107 eaput
243 2038 291 2090 55
292 2049 380 2109 caque
399 1994 540 2110 templuin
562 2032 701 2110 profugit.
730 2032 815 2092 timui
835 2051 903 2110 ego,
924 2050 961 2093 ne
980 2051 1028 2093 me
1044 2041 1112 2112 poe
1114 2052 1160 2094 am

59 2112 185 2174 vocaret.
213 2114 309 2193 itaque
320 2115 459 2176 subsecut
447 2124 494 2177 tus
506 2117 618 2194 fugient
619 2136 664 2176 em
677 2117 712 2178 ad
724 2117 756 2177 lit
745 2124 792 2178 tus
796 2117 932 2220 5555551,
948 2123 1021 2178 5151
1029 2117 1160 2215 primum

56 2204 140 2258 55155
158 2198 208 2259 teli
229 2202 394 2262 coniectum
415 2202 495 2263 115511
484 2192 711 2274 1555515155(
717 2221 790 2282 rogo
820 2202 938 2281 inquam
950 2195 1035 2281 ‘quid
1050 2201 1142 2265 tibi
1118 2221 1159 2263 us

57 2301 126 2343 cnm
145 2283 203 2345 isto
223 2283 353 2347 morbo?
383 2285 481 2347 minus
502 2306 588 2366 quam
609 2287 720 2349 duabus
740 2288 823 2348 horis
843 2306 959 2349 mecum
974 2289 1117 2361 55555515,
1133 2295 1162 2350 51

57 2368 176 2447 saepius
195 2371 309 2448 poetice
329 2390 415 2449 quam
436 2373 563 2433 humane
577 2372 692 2433 locutus
708 2392 749 2433 es.
778 2374 874 2451 itaque
890 2391 952 2433 non
966 2372 1073 2447 miror,
1093 2373 1161 2434 5115

57 2454 187 2532 populus
201 2455 345 2534 lapidibus
361 2458 553 2535 persequitur.
584 2476 637 2535 ego
650 2476 767 2536 quoque
779 2459 875 2518 sinum
888 2476 987 2519 meum
999 2457 1075 2518 55515
1087 2476 1162 2519 555-

56 2538 140 2612 rabo,
156 2546 188 2601 ut
202 2541 433 2638 quotiescunque
449 2542 580 2644 coeperis
597 2562 611 2602 a
626 2550 655 2602 te
669 2543 760 2616 55155,
777 2543 948 2619 sanguinem
969 2541 1020 2603 tibi
1036 2561 1051 2603 a
1068 2542 1162 2622 555115

57 2615 980 2706 55111555.55551151155515555(5551’1555511(,55151555555
995 2628 1160 2689 5551555155

55 2709 187 2805 primum
202 2712 369 2789 5555155155
386 2731 461 2772 sum
491 2712 583 2772 immo
599 2719 670 2808 quot
671 2713 740 2772 iest
728 2713 807 2772 theat
795 2720 882 2783 trum,
899 2718 931 2773 nt
945 2711 1096 2772 recitarem
1109 2712 1160 2773 ali-

57 2794 141 2874 quid,
158 2793 277 2872 intravi,
293 2798 347 2857 hac
362 2816 409 2857 me
424 2797 536 2858 advent
517 2797 582 2858 15515
597 2816 729 2875 55555555
743 2797 885 2875 frequen
865 2797 1000 2859 1.5515155
1032 2804 1159 2859 ceterum

56 2897 94 2941 ne
107 2879 153 2956 [et]
167 2886 262 2982 155555
279 2901 395 2984 quoque
407 2882 527 2943 habeam
540 2883 763 2954 rixandumtto
718 2889 782 2943 toto
795 2883 840 2942 die
852 2901 899 2942 mo
911 2881 947 2942 ab
960 2882 1018 2942 hoc
1028 2882 1093 2945 cibo
1106 2881 1160 2944 ab·

57 2954 227 3025 stiuebo‘
234 2958 340 3028 immo
354 2967 475 3046 inquam
491 2987 544 3046 ego
557 2960 600 3028 (51
615 2968 709 3029 eiuras
725 2967 898 3029 hodiernam
914 2967 1015 3039 bilem,
1038 2985 1097 3029 una
1112 2986 1159 3029 ce·
1225 3035 1232 3046 Ι

56 3040 205 3110 nabimus'

596 3148 616 3187 5

143 3221 248 3282 mando
264 3222 460 3284 aedicularum
476 3220 591 3282 custodi
607 3221 724 3282 cenulae
740 3221 869 3283 officium

595 3316 616 3354 bl·

142 3391 223 3452 video
241 3392 345 3453 Gitona
361 3411 427 3453 cum
438 3391 533 3452 linteis
545 3397 574 3451 51
584 3389 740 3468 strigilibus
752 3389 854 3485 parieti
866 3389 1032 3468 applicitum
1045 3389 1159 3450 tristem
1174 3387 1213 3448 91

57 3475 283 3555 confusumque.
313 3478 412 3551 551555,
427 3495 488 3537 555
503 3476 594 3536 1115551
582 3484 626 3536 155
637 3476 754 3536 servire.
777 3474 873 3552 itaque
885 3483 918 3535 ut
930 3475 1159 3554 experimentum

56 3562 209 3621 oculorum
212 3581 363 3663 caperem
381 3608 470 3622 .....
486 3563 628 3623 convertit
616 3561 692 3622 tille
713 3561 841 3621 solutum
863 3561 966 3638 gaudio
994 3559 1161 3621 vultumt
1132 3565 1161 3619 et

52 3637 221 3707 ‘miserere
242 3648 335 3725 inquit
346 3638 462 3708 (.155155
491 3647 540 3708 ubi
556 3666 635 3707 arma
651 3663 712 3706 non
728 3653 812 3718 sunt,
785 3645 924 3706 libere
939 3645 1052 3723 loquor
1082 3644 1161 3741 eripe

54 3749 102 3790 me
118 3730 157 3791 lat
145 3731 226 3791 troni
242 3741 362 3793 555555
384 3733 552 3811 etqualibet
563 3731 678 3793 saevitia
690 3732 840 3809 poenitent
841 3731 897 3791 iam
909 3730 1011 3791 iudicis
1023 3729 1064 3790 tui
1077 3728 1158 3809 puni.
1209 3794 1214 3801 ,

55 3817 126 3876 55115
143 3835 282 3894 magnum
303 3817 356 3878 erit
376 3818 485 3878 misero
502 3817 686 3890 solatium,t
674 3824 723 3877 ua
737 3815 838 3876 volun
826 3824 884 3876 ate
900 3806 1057 3876 cecidisse
1086 3832 1159 3891 sup-

54 3901 182 3980 primere
203 3921 256 3979 ego
278 3903 432 3981 querellam
453 3903 555 3976 iubeo,
576 3922 613 3963 ne
634 3903 699 3981 quis
716 3900 835 3961 55551115
851 3900 1092 3979 deprehenderet,
1113 3917 1160 3958 re·

53 3986 182 4066 lictoque
197 3988 342 4066 Eumolpo
359 4023 400 4030 -
415 4006 483 4048 nam
505 3987 535 4047 in
549 3951 654 4049 balneo
671 4004 787 4048 carmen
801 3985 941 4047 recitabat
954 4019 996 4030 --
1011 4003 1064 4064 per
1078 3990 1160 4044 tene·

927 4083 960 4134 4*
