2646 4710
511 362 653 416 Pulsum

539 516 631 578 LXXI

234 620 267 681 Si
283 619 441 680 commissa
456 636 538 679 meae
554 636 655 697 carpes
670 617 802 698 pomaria
818 635 916 690 curae,

275 703 370 765 dulcia
386 704 455 783 quid
470 704 583 765 doleam
599 703 735 785 perdere,
751 702 855 765 doctus
872 701 938 765 eris.

533 873 637 935 LXXII

234 977 365 1037 Tutelam
381 976 519 1055 pomarii,
535 976 656 1055 diligens
672 973 790 1053 Priape,
804 976 891 1037 facito

233 1061 379 1123 rubricato
395 1060 507 1121 furibus
523 1062 637 1123 minare
651 1060 776 1123 mulino.

235 1232 321 1303 Quod
337 1248 474 1304 moneat,
490 1247 551 1292 non
563 1237 624 1303 est,
640 1229 706 1309 quia
722 1229 746 1290 si
761 1229 903 1290 furaberis
919 1230 983 1308 ipse

276 1316 393 1394 grandia
409 1317 496 1391 mala,
511 1315 562 1377 tihi
577 1314 710 1376 bracchia
726 1334 823 1376 maora
839 1315 924 1376 dabo.

530 1446 645 1546 11111111

234 1587 379 1667 Obliquis,
397 1589 542 1667 palhicae,
558 1589 626 1668 quid
643 1608 689 1649 me
705 1588 842 1667 spectatis
858 1586 981 1649 ocellis?

275 1692 336 1734 non
352 1673 454 1734 statio
469 1674 635 1753 inguinibus
652 1674 780 1734 mentula
794 1681 872 1734 tenta
884 1674 967 1734 meis.

235 1778 309 1838 quae
323 1766 420 1819 tamen
436 1759 576 1821 exanimis
592 1778 671 1820 nunc
685 1767 730 1820 est
745 1767 773 1819 el
788 1758 889 1821 inutile
903 1759 1028 1837 lignum,

277 1843 367 1917 utilis,
384 1864 501 1907 erucam
518 1846 543 1905 si
558 1845 709 1917 dederitis,
727 1844 789 1904 erit.

525 1998 654 2059 LXXllll

237 2099 293 2158 Per
309 2098 422 2159 medios
437 2097 490 2159 ibit
505 2117 613 2178 pueros
632 2099 797 2177 mediasque
813 2099 920 2176 puellas

277 2183 419 2256 mentula,
436 2182 561 2244 barbatis
577 2202 637 2244 non
653 2185 711 2245 nisi
727 2203 841 2244 summa
858 2189 945 2262 petet.

537 2336 638 2397 LXXV

235 2438 358 2499 liodone
373 2437 439 2512 tibi,
456 2438 578 2516 iupiter,
594 2445 707 2501 sacrate
723 2447 782 2513 esd,

235 2522 341 2584 Iunoni
357 2523 461 2584 Samos
478 2531 507 2584 et
521 2524 637 2603 Mycena
654 2525 747 2598 dives,

235 2609 329 2668 undae
346 2608 492 2669 Taenaros
509 2609 702 2688 aequorisque
718 2610 792 2690 regi3

236 2692 329 2753 Pallas
345 2693 500 2772 Cecropias
516 2701 612 2754 tuetur
628 2713 723 2766 01001,
773 2719 776 2726 ’

234 2777 361 2856 Delphos
374 2778 510 2857 Pythius,
527 2779 607 2840 orbis
625 2779 808 2852 umbilicum,
1025 2797 1040 2846 0

236 2861 337 2923 Creten
352 2863 429 2924 Delia
445 2863 642 2945 Cynthiosque
657 2866 761 2941 colles,

234 2948 351 3008 Faunus
367 2949 516 3008 Maenalon
532 2951 733 3029 Arcanumque
749 2951 851 3026 silvas3

233 3033 321 3094 tutela
337 3034 458 3094 Rhodos
475 3041 519 3094 est
534 3035 615 3096 beata
632 3036 723 3107 Solis,

236 3116 330 3178 Gades
347 3119 477 3179 Herculis
493 3120 704 3200 humidumque
720 3120 842 3194 Tibur3‘

234 3203 346 3281 Cyllene
361 3204 444 3264 celeri
460 3205 514 3264 deo
530 3204 646 3278 nivosa,
1011 3224 1042 3273 10

232 3288 316 3348 tardo
333 3288 441 3366 gratior
456 3297 590 3350 aestuosa
606 3291 749 3365 Cemn0s3
893 3294 896 3297 ’

232 3372 386 3434 Hennaeae
401 3373 533 3436 Cererem
549 3394 641 3437 nurus
656 3375 855 3455 frequentant,

232 3465 346 3536 raptam
361 3458 478 3537 Cyzicos
495 3468 627 3522 ostreosa
644 3461 754 3533 diram,

233 3542 396 3604 formosam
412 3545 552 3606 Venerem
569 3546 680 3607 Cnidos
696 3546 873 3628 Paphosque

233 3934 311 4012 quod
327 3933 382 3994 sim
399 3934 455 3995 iam
472 3936 569 3996 senior
585 3955 739 4015 meumque
755 3937 835 3997 canis

232 4037 299 4080 cum
314 4018 402 4080 barba
417 4028 504 4099 capul
518 4021 620 4083 albicet
634 4022 758 4100 capillis:
