2646 4710
506 372 649 426 nuruum

523 580 526 587 .
539 528 617 590 XVII

226 628 302 703 Quid
318 647 433 690 mecum
448 629 514 705 tibi,
529 630 646 692 circitor
659 630 804 694 moleste?

226 716 263 775 ad
278 734 326 776 me
341 714 408 794 qnid
425 714 563 795 prohibes
578 717 678 778 venire
692 715 822 779 furemi‘

224 800 355 874 accedat,
371 801 448 862 siue:
463 801 556 869 laxior
571 801 687 863 redibit.

533 971 622 1032 XVIII

226 1071 425 1133 Commoditas
442 1073 513 1134 baec
528 1080 574 1134 est
589 1073 618 1134 in
634 1082 739 1136 nostro
756 1077 883 1139 maxima
898 1097 988 1158 pene,

266 1157 329 1218 laxa
345 1158 424 1237 quod
439 1178 505 1220 esse
520 1159 593 1220 mihi
606 1159 716 1221 femina
730 1162 808 1224 nulla
823 1172 930 1243 potest.

527 1342 631 1404 XVIIII

227 1440 280 1502 Hic
294 1443 412 1520 quando
428 1443 583 1506 Telethusa
600 1444 777 1519 circulatrix,

226 1545 299 1605 quae
315 1526 428 1588 clunem
444 1529 541 1590 tunica
556 1537 670 1608 tegente
685 1530 765 1592 nulla

226 1611 299 1671 extis
315 1613 411 1692 aptius
427 1614 570 1692 altIusqne
585 1622 693 1687 motat,

226 1696 357 1759 crissavit
372 1698 424 1758 tibi
440 1699 600 1760 fluctuante
614 1699 731 1774 lumbo,

227 1781 270 1842 sic
284 1789 316 1842 ut
331 1801 391 1843 non
406 1784 496 1845 modo
512 1792 553 1858 te,
566 1784 683 1864 Priape,
699 1792 815 1864 posset,
1031 1805 1046 1853 5

226 1865 390 1946 privignum
407 1887 523 1948 quoque
538 1871 589 1931 sed
604 1889 725 1931 movere
739 1870 897 1932 Phaedrae.

552 2055 605 2116 XX

224 2156 357 2218 Fulmina
374 2157 429 2218 sub
445 2157 512 2219 love
530 2165 611 2231 sunt3
627 2156 755 2236 Neptuni
770 2157 883 2219 fuscina
898 2158 1004 2234 telum3

265 2259 335 2303 ense
350 2250 456 2321 potens
473 2243 550 2304 Mars
566 2250 627 2316 est3
643 2243 740 2314 hasta,
757 2242 898 2317 Minerva,
914 2251 963 2307 tua
980 2253 1039 2321 est;

224 2327 357 2388 sutilibus
373 2327 458 2389 Liber
473 2328 630 2388 committit
645 2327 752 2407 proelia
768 2328 892 2408 thyrsis3

265 2412 358 2473 fertur
373 2413 522 2492 Apollinea
538 2412 628 2473 missa
644 2413 746 2491 sagitta
762 2404 866 2488 man'u3

153 2508 154 2511 ’
225 2496 355 2559 Herculis
371 2506 481 2559 armata
498 2506 543 2559 est
558 2498 662 2559 invicta
677 2498 794 2558 dextera
809 2497 903 2559 olava:
1031 2516 1045 2564 5

266 2589 356 2644 atine
371 2582 530 2644 terribilem
547 2582 673 2644 mentula
688 2590 768 2645 tenta
783 2582 859 2644 lacit.

547 2753 613 2814 XXI

226 2853 315 2932 Copia
330 2873 377 2915 me
392 2855 501 2933 perdit:
518 2863 550 2916 tu
566 2855 725 2933 suffragare
740 2862 858 2934 rogatus

266 2939 373 3000 indicio
390 2958 445 3001 nec
461 2959 507 3001 me
523 2940 628 3019 prode,
643 2940 760 3019 Priape,
776 2948 842 3015 tuo,

225 3042 356 3102 quaeque
370 3025 422 3085 tibi
438 3025 525 3104 posui
540 3033 679 3104 tanquam
696 3026 844 3087 vernacula
861 3044 965 3104 poma,

267 3109 303 3171 de
319 3129 401 3170 sacra
417 3111 488 3171 nulli
504 3111 609 3170 dineris
626 3130 692 3172 esse
709 3110 760 3172 via.

537 3279 617 3340 XXII

224 3381 343 3443 Femina
359 3382 384 3442 si
400 3383 510 3443 lurtum
526 3382 612 3442 faciet
627 3379 699 3441 milri
714 3380 814 3460 virque
829 3399 975 3460 puerque,

223 3467 296 3528 haec
312 3485 454 3541 cunnum,
472 3474 559 3547 caput
573 3467 620 3528 hic
635 3466 783 3546 praebeat,
798 3466 843 3526 ille
857 3474 950 3527 nates.

533 3651 624 3716 XXIII

224 3757 397 3836 Quicunque
412 3755 461 3817 hic
474 3756 582 3818 violam
598 3775 734 3818 rosamve
750 3762 848 3835 carpet

223 3841 400 3903 furtivumve
416 3842 479 3902 olus
495 3849 543 3903 aut
558 3841 686 3921 iuempta
701 3860 805 3921 poma,

224 3927 354 3987 delectus
370 3945 519 4007 pueroque
534 3928 699 4005 feminaque

225 4012 279 4074 bac
293 4011 444 4090 tentigine,
462 4031 547 4092 quam
561 4012 662 4073 videtis
679 4011 708 4072 in
725 4031 787 4086 me,

918 4113 933 4163 8
