2646 4710
76 388 137 450 tta
554 378 702 433 omunia

159 554 174 603 5
217 543 384 616 rumpatur,
399 555 519 615 precor,
534 555 629 615 usque
642 534 828 614 mentulaque

216 623 393 703 nequiquam
409 623 467 685 sibi
481 621 579 703 pulset
592 621 772 684 umbilicum.

577 809 684 872 XXllll

217 914 272 975 Hic
287 933 333 974 me
348 912 499 974 custodem
515 913 631 973 fecundi
646 911 747 973 vilicus
763 911 842 972 horti

260 999 387 1060 mandati
403 1018 502 1060 curam
517 999 603 1059 iussit
617 997 722 1057 habere
737 997 802 1057 loci.

217 1084 265 1148 fur
280 1084 385 1145 habeas
401 1102 541 1162 poenam,
557 1083 624 1143 licet
636 1082 786 1159 indignere
797 1073 966 1160 ‘feram'que

257 1161 395 1248 ‘propter
410 1161 488 1230 olus’
503 1168 581 1229 dicas
594 1158 668 1228 ‘boc
683 1159 772 1246 egoi’
784 1157 925 1247 ‘propter
941 1156 1028 1226 olus’.

538 1347 544 1354 ’
588 1355 667 1415 XXV

218 1459 281 1520 Hoc
292 1465 454 1538 sceptrum,
472 1456 551 1535 quod
567 1456 602 1517 ab
619 1456 722 1517 arbore
738 1465 770 1517 ut
784 1457 910 1518 recisum
927 1463 982 1530 est,

218 1544 295 1604 nulla
310 1545 366 1604 iam
382 1543 491 1622 poterit
505 1543 597 1603 virere
612 1542 733 1615 fronde3

219 1636 382 1708 sceptrum,
399 1629 477 1707 quod
493 1628 623 1707 pathicae
638 1634 742 1705 petunt
757 1629 881 1706 puellae,

220 1715 298 1793 quod
315 1713 431 1791 quidam
449 1714 570 1792 cupiunt
584 1719 684 1773 tenere
699 1731 797 1790 reges,

220 1800 266 1859 cui
282 1799 352 1859 dant
368 1798 466 1859 oscula
482 1799 596 1859 nobiles
613 1797 739 1871 cinaedi,

219 1886 295 1945 intra
308 1884 417 1944 viscera
432 1884 505 1944 furis
523 1883 574 1943 ibit
588 1902 682 1962 usque

219 1970 253 2030 ad
270 1969 377 2048 pubem
394 1969 588 2049 capulumque
604 1968 761 2029 coleorum.

221 2258 315 2318 Porro
332 2291 373 2300 -
388 2274 457 2316 nam
473 2254 537 2334 quis
554 2255 608 2316 erit
622 2253 756 2316 modus?
771 2290 812 2300 -
828 2256 974 2331 Quirites,

221 2349 270 2403 aut
284 2341 440 2421 praecidite
456 2340 595 2401 seminale
611 2341 791 2413 membrum,

221 2428 300 2507 quod
315 2427 384 2487 totis
401 2425 472 2487 mihi
488 2425 623 2486 noctibus
639 2426 760 2505 fatigant

221 2512 330 2574 vicinae
346 2512 411 2573 sine
426 2513 483 2572 fine
498 2511 662 2590 prurientes
736 2532 739 2537 ·

223 2597 318 2658 vernis
334 2597 503 2676 passeribus
520 2597 687 2669 salaciores‚

222 2689 272 2743 aut
287 2701 407 2761 rumpat
421 2701 475 2743 nec
490 2680 631 2742 habebitis
647 2681 795 2760 Priapum.

222 2768 278 2847 ipsi
295 2768 424 2840 cernitis,
440 2767 585 2828 ecfututus
600 2773 633 2827 ut
649 2766 704 2826 sim

222 2854 430 2930 contectusque
442 2871 596 2930 macerque
611 2852 807 2931 pallidusque,

223 2937 271 3016 qui
288 2938 435 3016 quondam
451 2937 538 2998 ruber
553 2945 582 3005 et
596 2938 692 2997 valens
709 2937 836 2998 solebam

222 3023 302 3083 fures
319 3023 437 3083 caedere
452 3022 609 3100 quamlibet
623 3022 759 3082 valentes.

223 3107 327 3168 defecit
343 3107 415 3168 latus
432 3114 461 3167 et
474 3106 669 3185 periculosam

223 3211 289 3253 cum
305 3192 378 3254 tussi
395 3193 483 3254 miser
499 3211 593 3270 expuo
610 3192 739 3253 salivam.

582 3379 685 3441 XXVII

221 3481 344 3544 Deliciae
361 3481 478 3561 populi,
494 3499 600 3560 magno
616 3482 772 3544 notissima
787 3481 863 3542 circo

265 3568 399 3640 Quintia,
416 3567 542 3626 vibratas
559 3566 644 3626 docta
661 3586 777 3627 movere
793 3574 885 3637 nater,
911 3576 915 3581 “

222 3653 349 3731 cymbala
365 3671 430 3712 cum
448 3651 580 3723 crotaliS‚
597 3652 754 3731 pruriginis
771 3671 863 3725 arma,
880 3652 986 3730 Priapo

264 3738 347 3816 ponit
362 3745 390 3797 et
404 3737 527 3797 adducta
542 3744 677 3815 tympana
694 3737 778 3815 pulsa
793 3756 896 3798 manu:

164 3838 178 3886 5
223 3841 277 3901 pro
295 3821 417 3901 quibus,
433 3829 465 3884 ut
481 3840 599 3901 semper
614 3821 725 3900 placeat
740 3821 952 3902 spectantibus,
970 3827 1049 3894 orat,

263 3914 400 3988 tantaque
415 3908 450 3968 ad
466 3908 631 3987 exemplum
649 3906 686 3967 sit
702 3926 754 3970 sua
770 3907 852 3969 turba
868 3907 922 3967 dei.
1013 3915 1016 3921 “
