2646 4710
563 367 704 420 surraln
1147 372 1186 434 83

77 524 232 585 lamudam
254 530 313 583 333.
333 542 366 582 ex
387 541 442 601 qua
457 522 681 583 horamrurram
697 522 821 601 accepit
841 523 918 602 apud
935 541 1042 583 senon
1059 516 1185 584 est'li·

78 608 183 670 heuter
198 607 315 687 quidem
331 609 414 686 parui
430 607 546 668 ancillae
562 608 703 686 verbaque
719 607 857 668 codicillis
872 608 960 668 33113
952 609 1094 686 imposui:
1108 599 1184 669 Po·
1198 613 1255 671 133

77 695 199 774 lyaenos
216 692 316 754 Circae
336 693 467 753 salutem.
497 692 539 753 fa
528 700 592 753 eor
613 712 669 765 me,
692 693 825 766 domina,
841 712 927 772 saepe
943 713 1093 773 peccasse
1115 712 1183 754 nam

78 786 109 840 et
127 779 220 839 homo
242 797 308 839 sum
329 785 356 844 et
376 778 497 838 adhuc
490 778 612 839 iuvenis.
640 796 800 857 numquam
822 785 918 838 tamen
935 787 1000 839 ante
1015 780 1094 840 bunc
1110 780 1184 839 diem

76 863 224 944 usquead
240 869 366 923 mortem
380 862 495 943 deliqui.
523 863 625 934 habea,
642 863 769 941 inquam,
785 865 969 925 confitentem
985 883 1081 925 reum:
1103 865 1184 942 quic-

78 949 149 1029 quid
163 949 300 1023 iusseris,
320 949 423 1009 merui.
454 948 651 1027 proditionem
666 948 734 1020 feci,
750 950 899 1009 hominem
918 949 1020 1024 occidi,
1043 950 1183 1028 templum

78 1035 196 1096 violavi:
216 1034 248 1094 in
266 1034 337 1095 baec
354 1033 482 1094 facinora
503 1053 608 1111 quaere
629 1034 813 1112 supplicium.
851 1037 910 1094 sive
931 1035 1061 1095 occidere
1082 1035 1185 1114 placet,

77 1121 158 1181 ferro
174 1138 241 1180 meo
257 1119 350 1195 venio,
367 1119 427 1179 sive
442 1118 608 1179 verberibus
626 1127 760 1180 contenta
776 1139 816 1193 es,
833 1138 918 1180 curro
932 1120 1028 1180 nudus
1042 1121 1076 1180 ad
1090 1120 1185 1180 domi-

79 1223 158 1267 nam.
200 1204 269 1264 illud
297 1223 387 1265 unum
416 1212 578 1277 incruento,
603 1222 733 1264 nonme
757 1205 806 1264 sed
827 1206 1020 1265 instrumenta
1041 1225 1186 1283 peccasse.

78 1297 200 1370 paratus
216 1289 299 1350 miles
316 1307 398 1349 arma
413 1307 474 1349 non
489 1290 586 1350 habui.
618 1289 682 1367 quis
698 1290 756 1349 boe
770 1290 940 1361 turbaverit,
957 1291 1066 1350 nescio.
1084 1291 1185 1350 forsi-

78 1383 129 1437 tan
145 1375 261 1436 animus
277 1374 433 1435 antecessit
449 1375 582 1453 corporis
599 1393 724 1447 moram,
739 1375 863 1435 forsitan
879 1375 948 1435 dum
966 1375 1063 1435 omnia
1076 1394 1184 1436 coneu-

78 1461 173 1542 pisco‚
189 1460 368 1539 voluptatem
382 1468 517 1539 tempore
532 1460 715 1538 consumpsi.
741 1478 802 1520 non
814 1460 939 1532 invenio,
955 1461 1032 1538 quod
1046 1460 1110 1520 feci.
1133 1480 1183 1540 pa-

78 1546 188 1627 ralysin
203 1553 301 1606 tamen
316 1564 416 1606 cavere
430 1545 526 1606 iubes:
543 1556 692 1624 tamquam
709 1545 795 1606 etiam
812 1546 907 1606 maior
918 1546 979 1606 lieri
992 1546 1095 1624 possit,
1113 1565 1185 1624 quae

79 1630 202 1692 abstulit
212 1631 292 1702 mihi,
305 1649 358 1710 per
369 1632 446 1709 quod
460 1631 546 1692 etiam
557 1639 586 1692 te
598 1631 704 1692 babere
715 1632 807 1711 potui.
827 1638 942 1692 sunima
954 1639 1051 1692 tamen
1064 1651 1184 1691 excusa·

78 1716 170 1778 tionis
182 1735 264 1777 meae
275 1717 346 1778 baec
357 1724 414 1777 est:
427 1717 545 1796 placebo
557 1716 617 1792 tibi,
626 1717 651 1777 si
663 1736 710 1778 me
722 1718 834 1796 culpam
846 1717 1000 1778 emendare
1009 1711 1185 1797 permiseris’

165 1810 174 1824 f
623 1818 642 1860 3

166 1886 286 1947 dimissa
303 1906 370 1948 cum
386 1887 529 1947 eiusmodi
541 1887 748 1965 pollicitatione
761 1888 899 1967 Chryside
912 1887 1009 1948 curavi
1023 1887 1185 1966 diligentius

79 1970 325 2033 noxiosissimum
342 1991 460 2051 corpus,
477 1973 635 2051 balneoque
651 1973 805 2051 praeterito
823 1973 938 2033 modica
955 1972 1092 2032 unctione
1105 1991 1184 2043 usus,

80 2076 150 2129 mox
166 2056 238 2119 cibis
254 2057 441 2118 validioribus
458 2065 570 2137 pastus
587 2058 615 2118 id
631 2066 676 2118 est
690 2057 784 2118 bulbis
798 2058 1039 2135 cochlearumque
1051 2058 1114 2116 sine
1125 2058 1185 2117 iure

80 2141 251 2215 cervicibus
268 2142 350 2203 hausi
366 2142 480 2220 parcius
497 2163 620 2203 merum.
650 2143 718 2203 hinc
733 2150 798 2203 ante
810 2162 949 2203 somnum
961 2142 1108 2203 levissima
1120 2163 1185 2203 am-

79 2226 228 2288 bulatione
243 2229 426 2305 compositus
443 2229 506 2288 sine
518 2228 622 2288 Gitone
638 2227 801 2289 cubiculum
818 2229 929 2289 intravi.
952 2235 1030 2288 tanta
1047 2237 1108 2288 erat
1123 2229 1184 2306 pla-

81 2313 164 2374 candi
186 2331 266 2384 cura,
287 2320 319 2372 ut
337 2313 471 2374 timerem
493 2333 529 2374 ne
548 2314 621 2375 latus
638 2333 736 2374 meum
751 2314 840 2374 irater
855 2314 1036 2374 convelleret.
1066 2321 1185 2392 postero
1200 2313 1248 2370 131

81 2397 136 2471 die,
152 2415 219 2458 cum
233 2397 296 2458 sine
308 2399 418 2465 3113333
431 2399 565 2477 corporis
578 2399 723 2478 animique
736 2400 997 2469 consurrexissem,
1013 2399 1043 2457 in
1060 2399 1183 2458 eundem

81 2483 241 2562 platanona
260 2483 411 2555 descendi,
433 2484 547 2544 etiamsi
566 2483 663 2544 locum
680 2485 893 2562 inauspicatum
910 2484 1062 2553 timebam,
1083 2484 1183 2561 coepi-

79 2587 137 2665 que
151 2566 228 2629 inter
241 2568 361 2629 arbores
379 2570 480 2629 ducem
496 2568 607 2629 itineris
624 2577 775 2647 expectare
786 2570 964 2647 Chrysidem.
989 2587 1042 2628 nec
1054 2568 1103 2628 diu
1116 2588 1185 2646 spa·
1261 2580 1269 2591 “

79 2652 168 2715 tintus
184 2654 388 2727 consederam,
409 2654 459 2714 ubi
474 2654 611 2714 hesterno
629 2654 674 2714 die
689 2656 811 2726 fueram,
823 2673 888 2714 cum
905 2654 949 2714 illa
965 2653 1119 2713 intervenit
1107 2663 1184 2713 t-co

79 2737 183 2800 mrtem
202 2739 345 2799 aniculam
365 2702 553 2800 tlffahenst
524 2746 663 2816 atqueut
678 2759 724 2799 me
740 2741 872 2800 consalu
861 2746 942 2806 avr
960 2730 1049 2841 quid
1066 2747 1112 2800 33
1115 2730 1184 2800 ³-in

48 2863 50 2871 ·
80 2823 144 2901 quit
155 2817 289 2896 ‘fastose
305 2826 407 2903 ecquid
424 2825 530 2886 bonam
547 2832 628 2885 ment
629 2844 674 2885 em
691 2824 798 2885 babere
813 2822 956 2904 coepisti.

165 2990 211 3054 illa
226 2994 299 3055 de
276 3014 343 3055 smu
356 2996 453 3056 licium
470 2996 591 3075 protulit
606 2996 673 3057 varii
667 2996 793 3057 coloris
805 2996 880 3057 filis
872 3004 1014 3057 intortum
1029 2995 1183 3056 cervicem-

80 3098 138 3158 que
162 3079 254 3139 vinrit
273 3100 379 3141 meam.
410 3101 479 3142 mox
500 3083 648 3143 turbatum
670 3090 758 3161 sputo
779 3084 927 3160 pidverem
949 3081 1046 3141 medio
1068 3080 1185 3142 sustulit

80 3164 169 3245 digito
184 3165 372 3246 frontemque
386 3168 575 3247 repugnantis
592 3167 714 3246 signavit

88 3351 90 3354 ’
165 3336 223 3398 hoc
236 3345 354 3417 peracto
372 3338 499 3399 carmine
512 3345 557 3398 ter
572 3355 619 3398 me
636 3335 720 3398 iussit
735 3356 861 3416 expuere
873 3346 973 3415 terque
984 3335 1097 3414 lapillos
1111 3354 1183 3396 con·

79 3422 155 3482 icere
174 3421 333 3497 insicum,
353 3443 428 3502 quos
448 3424 511 3502 ipsa
527 3430 728 3520 praecantatos
745 3442 873 3501 purpura
890 3421 1061 3517 involverat,
1081 3421 1184 3481 admo-

79 3505 176 3585 tisque
197 3507 368 3569 manibust
356 3517 468 3569 ttenare
488 3508 615 3587 coepitr
607 3509 760 3587 inguinum
781 3508 865 3568 vires.
901 3506 1037 3566 dictto
999 3506 1083 3566 citius
1104 3506 1184 3565 nervi

79 3601 240 3670 paruerunt
258 3594 383 3672 imperio
403 3613 566 3698 manusque
592 3594 722 3654 aniculae
747 3593 856 3671 ingenti
882 3599 965 3652 rnoto
991 3591 1184 3671 repleverunt.

78 3683 108 3736 at
122 3676 167 3737 illa
183 3679 287 3754 gaudio
304 3670 459 3740 exultans
466 3670 559 3740 vides'
574 3679 668 3760 inquit
680 3670 814 3757 Chrysis
830 3699 904 3751 mea,
920 3677 1009 3750 vides,
1027 3678 1105 3757 quod
1121 3676 1184 3738 aliis

77 3761 209 3840 leporem
225 3754 382 3825 excitavii'

621 3863 641 3909 a

222 3935 330 3998 nobilis
347 3936 468 3997 aestivas
484 3937 616 4016 platanus
633 3936 786 3999 diffuderat
801 3936 918 3998 umbras

222 4029 251 4082 et
264 4021 359 4087 baccis
375 4022 508 4082 redimita
524 4023 644 4101 Daphne
657 4024 854 4101 tremulaeque
871 4042 1026 4103 cupressus

950 4123 982 4169 3*
