2646 4710
542 377 684 430 sxrxnxn
1123 388 1164 451 53

57 531 103 610 qis
124 531 271 611 expedit
263 531 380 608 mgnina
400 549 487 628 quam
508 531 623 610 ingenia
643 527 765 594 13333333
794 536 865 596 13333
883 537 1029 636 Eumolpo
1052 539 1165 602 dicente

56 616 209 679 mutabam
222 634 277 694 ego
292 617 436 695 frequent
430 616 529 676 3333333
545 618 606 678 3313
594 626 670 692 t‚um
691 619 806 680 iniuriis
822 621 952 684 scilicet
945 624 1055 685 mimici
1070 626 1165 688 nostri

56 701 168 774 hilaris,
185 700 377 762 commodist
365 702 467 762 tristis.
498 711 672 781 utcunquet
673 722 772 776 amen,
789 712 1004 785 tanquamnon
1020 727 1164 788 agnosce-

55 804 121 849 rem
136 786 366 860 1313331333,33333
382 794 512 847 333333
529 788 662 848 ordinem
678 751 801 868 explicui

600 884 620 922 33

140 948 274 1016 3313
228 963 274 1016 33
274 956 458 1034 quod
390 956 511 1028 1333
482 957 641 1017 etanimus
657 977 757 1020 errore
772 960 832 1022 len
819 967 868 1022 us
884 962 1004 1024 iniurias
1020 962 1120 1042 diligit.
1179 967 1219 1028 93

302 1041 360 1101 3133
376 1003 590 1101 Phasiacist
539 1061 576 1120 pe
578 1041 628 1102 tita
643 1043 758 1105 Colchis

302 1125 431 1204 etpictis
447 1126 507 1187 avis
522 1134 644 1187 renovat
645 1147 660 1187 a
675 1129 780 1207 pennis

302 1218 331 1271 at
332 1229 387 1289 que
402 1212 487 1271 Afrae
502 1213 634 1272 volucres
648 1214 762 1291 placent
776 1215 887 1292 palato,

302 1295 379 1374 qnod
396 1314 457 1356 non
473 1304 541 1357 sunt
555 1297 665 1357 faciles:
682 1306 711 1359 at
725 1299 807 1359 albus
824 1317 910 1361 anser

303 1380 449 1459 plebeium
465 1382 549 1460 sapit.
580 1381 690 1442 ultimis
706 1383 741 1444 ab
758 1384 818 1443 oris

302 1473 442 1526 attractus
459 1486 561 1527 333333
577 1474 662 1546 atquc
678 1476 757 1529 arata
773 1469 865 1547 Syrtis

303 1550 412 1628 siquid
429 1551 577 1630 naufragio
595 1552 687 1625 dedit,
704 1555 855 1631 probatur.

302 1636 408 1696 mullus
424 1637 481 1697 iam
497 1636 592 1733 gravis
608 1646 661 1698 est.
641 1639 784 1698 tamioa
799 1638 889 1699 vincit

301 1739 433 1781 uxorem.
463 1740 531 1782 rosa
547 1722 716 1784 cinnamum
731 1731 856 1785 veretur

228 1819 260 1870 lo
278 1806 437 1908 quicquid
447 1808 615 1910 quaeritur,
632 1808 776 1903 optimum
791 1809 869 1869 videt
857 1799 924 1869 3333

137 1881 429 1970 3133333333333333333
447 1883 542 1971 quod
562 1894 755 1971 promiseram,
777 1912 814 1954 ne
836 1912 920 1972 quem
942 1893 1161 1954 hodievcrsum
1178 1896 1218 1958 94

54 1972 191 2038 laceres?
220 1994 275 2055 per
288 1976 391 2050 fidem,
412 1976 466 2038 3313
454 1985 513 2037 tem
530 1978 615 2038 nobis
631 1997 732 2056 parce,
749 1978 797 2057 qni
812 1987 840 2039 3
854 1996 1004 2056 nunquam
1020 1978 1161 2058 lapidavi-

54 2080 134 2123 mus.
164 2077 235 2123 nam
255 2061 280 2121 si
301 2060 404 2140 aliquis
421 2082 510 2134 3333
532 2082 581 2141 qux
596 2081 625 2123 m
642 2063 744 2123 eodem
761 2082 897 2143 synoecio
914 2070 1030 2142 poan
1051 2080 1162 2124 nomen

55 2153 163 2228 poetae
178 2146 360 2221 olfeceritto
330 2155 422 2207 totam
439 2147 596 2208 concitabit
584 2148 743 2209 tricinium
758 2157 787 2210 33
801 2168 857 2210 333
875 2168 977 2211 omnes
994 2111 1049 2210 sdh
1061 2144 1162 2215 eadem

56 2250 163 2294 caussa
178 2231 290 2292 obruet.
270 2233 510 2293 tmiserereet
529 2242 579 2294 333
598 2234 818 2331 pinacothecam
834 2242 883 2295 aut
871 2234 1033 2295 thalneum
1051 2224 1162 2312 cogita.³
1185 2242 1218 2292 '12³

56 2317 101 2378 sic
122 2334 171 2377 me
191 2317 359 2396 loquentem
382 2318 544 2415 obiurgavit
531 2318 612 2378 tGit
601 2325 666 2391 t‚on
692 2326 745 2379 mx
747 2338 867 2380 33333333
888 2337 972 2397 puer,
998 2326 1027 2379 33
1047 2319 1164 2396 negavit

56 2408 136 2464 recte
149 2400 259 2478 133333,
281 2403 359 2481 quod
382 2404 489 2463 seniori
507 2403 588 2463 couvi
591 2404 679 2464 333333
693 2404 838 2483 simulque
854 2404 960 2464 oblitus
977 2403 1163 2464 3111333333333ὑ

57 2504 137 2561 sam,
156 2505 245 2565 quam
266 2488 429 2549 humanitat
388 2488 644 2566 tateposuissem‚
661 2497 730 2550 cont
719 2490 836 2550 tumelia
851 2489 995 2558 tollerem,
1012 2488 1087 2548 mult
1076 2495 1163 2583 taque

56 2573 111 2634 3133
126 2572 337 2633 moderationis
357 2573 603 2652 verecundiaeque
623 2574 724 2646 verba,
741 2593 813 2652 quae
827 2573 954 2633 formam
971 2573 1034 2633 eius
1050 2572 1163 2692 egregie

57 2656 200 2723 decollant
595 2751 615 2789 ᾗ

152 2845 171 2886 o
185 2817 309 2887 felicem
323 2825 415 2905 inquit
426 2818 560 2887 ‘matrem
575 2833 672 2899 tuam,
694 2844 766 2904 quae
781 2833 808 2893 33
823 2826 910 2885 talem
927 2824 1054 2904 peperit:
1069 2832 1163 2886 macte

57 2910 165 2972 virtute
189 2918 263 2972 esto.
298 2929 393 2972 raram
414 2911 483 2972 fecit
501 2912 656 2972 mixturam
678 2929 743 2970 cum
766 2910 907 2989 sapientia
926 2910 1045 2970 forma·
1065 2909 1163 2988 itaquo

55 3014 96 3058 ne
114 3002 249 3074 pnteste
271 3003 316 3056 tot
271 2997 420 3057 tverba
443 2996 620 3076 perdidisse,
641 3003 800 3057 amatorem
816 2995 959 3056 invenisti.
991 3013 1045 3073 ego
1061 2994 1161 3055 landes

55 3088 123 3143 tuas
139 3079 315 3142 carminibus
331 3081 467 3178 implelto
499 3101 552 3159 ego
569 3081 754 3161 paedagogus
771 3088 800 3141 et
815 3087 879 3141 cust
881 3099 914 3140 os
931 3087 959 3139 e
960 3098 1015 3138 ram
1030 3097 1088 3182 qpo
1101 3097 1162 3140 non

56 3166 190 3240 iusseris,
206 3183 320 3245 sequar.
350 3184 404 3226 nec
419 3166 553 3227 iniuriam
565 3166 724 3243 Encolpius
736 3173 849 3243 aocxpr
829 3165 951 3225 altum
964 3156 1061 3225 ama
1089 3183 1162 3244 pro-

56 3250 160 3312 fuitt
131 3250 218 3311 etiam
232 3252 379 3329 Eumolpo
402 3251 485 3311 333133
500 3251 560 3322 3113
582 3251 631 3328 qui
650 3250 721 3309 milri
741 3251 807 3310 abs
808 3250 860 3310 313
849 3250 1014 3328 tgladium3
1034 3249 1162 3328 alioquin

56 3354 145 3432 quem
157 3335 286 3396 animum
299 3337 437 3396 adversus
448 3336 587 3415 Ascylton
603 3353 798 3413 sumpseram,
815 3354 881 3395 eum
897 3337 927 3395 33
940 3334 1076 3413 Eumolpi
1093 3352 1163 3394 san-

57 3421 175 3501 guinem
197 3422 401 3482 exercuissem.
431 3439 532 3480 nece
503 3422 532 3481 13
532 3420 603 3481 131133
623 3421 681 3480 hoo
702 3420 816 3481 Gitona.
847 3420 943 3498 itaque
962 3428 1042 3480 extra
998 3418 1161 3480 toellam

56 3505 211 3586 processit,
225 3513 366 3584 tanquam
381 3524 484 3584 aquam
501 3514 550 3602 pet
538 3512 626 3580 33333
644 3505 774 3584 iramque
789 3524 884 3565 meam
901 3504 1036 3606 prudent
1029 3525 1037 3564 3
1016 3504 1161 3564 33133333-

55 3592 95 3652 tia
112 3591 241 3652 extinxit
272 3590 420 3670 paululum
441 3609 509 3669 ergo
525 3591 721 3670 intepescente
738 3590 852 3651 saevitia
864 3581 1051 3668 Eumolpe'
1043 3606 1161 3667 mquam

52 3668 124 3738 ‘iam
140 3676 218 3740 malo
232 3676 275 3737 vel
291 3676 470 3737 carminibus
484 3677 622 3755 loquaris,
637 3694 724 3754 quam
738 3675 883 3735 3333333313
895 3673 947 3735 33133
965 3681 1029 3733 vota
1049 3692 1162 3752 propo-

55 3779 120 3823 nas.
152 3767 181 3821 et
196 3777 249 3838 ego
262 3760 417 3822 iracundus
433 3780 509 3834 sum,
526 3769 553 3821 et
568 3769 600 3821 tu
541 3760 803 3821 ttlibidinosus:
819 3760 894 3833 vide,
909 3778 997 3838 quam
1011 3775 1073 3818 non
1089 3775 1162 3818 oon-

55 3847 154 3907 veniat
167 3845 215 3906 his
231 3845 373 3907 moribus.
403 3855 472 3924 puta
493 3846 544 3924 igit
546 3864 580 3905 33
599 3864 647 3905 333
666 3845 811 3906 furiosum
832 3863 911 3917 esse,
934 3843 1029 3904 33313
1020 3843 1160 3914 33333333,
1226 3857 1231 3865 “

55 3931 83 3992 331
99 3939 146 3992 cst
160 3931 245 3992 ocius
261 3931 341 3992 13333
357 3924 422 3992 exi?
451 3932 591 3992 confusus
607 3931 661 3991 hac
682 3929 899 3990 denuntiatione
915 3927 1079 4006 Eumolpus
1100 3942 1162 3987 non
1190 3943 1194 3970 ³
1213 3990 1216 3995 ,

56 4016 181 4096 quaesiit
201 4016 370 4084 iracundiae
391 4035 538 4091 caussam,
559 4016 609 4077 sed
631 4015 769 4076 continuo
790 4014 878 4084 limen
894 4031 1029 4092 egressus
1045 4011 1163 4072 adduxit
1241 4072 1242 4075 ,
1285 4012 1288 4017 ’
