2646 4710
489 373 632 425 sennen

108 535 140 589 et
149 526 351 673 periturorum
369 527 481 588 disiecit
495 527 550 587 tela
566 527 731 606 Gigantum.

169 631 220 675 um
235 610 342 672 Caesar
355 612 481 672 tumidas
497 611 587 672 iratus
603 612 740 691 deprimit
750 623 851 686 arces,

106 698 217 758 interea
231 697 348 758 volucer
363 697 452 757 motis
467 696 623 758 conterrita
637 697 736 776 pinnis

106 783 195 844 Fama
211 783 288 843 volat
304 782 471 862 summique
486 781 560 862 petit
574 782 640 861 iuga
655 783 731 843 celsa
746 782 836 843 Palati

107 875 195 947 atque
209 868 268 928 hoc
281 866 415 928 Romano
431 868 542 928 tonitru
557 867 624 928 ferit
639 868 739 928 omnia
754 868 850 946 signa:

107 953 163 1014 ianr
180 953 288 1014 classes
302 953 415 1014 lluitare
430 951 503 1013 mari
518 959 655 1031 totasque
670 971 723 1031 per
738 953 825 1031 Alpes

106 1039 219 1100 lervere
234 1038 379 1099 Germano
394 1037 528 1117 perfusas
545 1038 686 1116 sanguine
701 1045 823 1099 turmas.

91 1120 201 1195 arma,
219 1142 320 1198 cruor,
335 1125 449 1197 caedes,
464 1122 594 1184 incendia
610 1130 727 1202 totaque
738 1123 811 1184 bella
971 1150 973 1154 โด
1029 1141 1078 1191 215

108 1215 175 1270 ante
191 1209 292 1270 oculos
308 1209 434 1270 volitant.
465 1226 534 1286 ergo
550 1209 663 1286 pulsata
678 1210 807 1270 tumultu

108 1301 226 1375 pectora
241 1313 351 1374 perque
366 1296 438 1355 duas
454 1292 627 1354 scinduntur
641 1294 741 1355 territa
757 1312 868 1354 causas.

107 1380 177 1441 huic
190 1380 258 1459 fuga
272 1398 325 1459 per
339 1386 447 1451 terras,
464 1379 503 1439 illi
520 1378 612 1458 magis
627 1379 704 1440 unda
719 1380 863 1458 probatur

109 1473 138 1526 et
152 1465 244 1544 patria
259 1472 368 1544 pontus
384 1467 441 1526 iam
456 1464 555 1525 tutior.
582 1472 627 1524 est
641 1465 734 1543 magis
749 1482 830 1525 arma

109 1550 158 1630 qui
172 1557 317 1630 temptare
331 1550 400 1611 velit
412 1549 538 1629 fatisque
554 1550 721 1612 iubentibus
737 1550 788 1611 uti.
1028 1567 1078 1618 220

108 1643 248 1715 qnantum
265 1635 389 1715 quisque
403 1635 501 1709 timet,
515 1642 630 1713 tantum
645 1636 727 1714 fugit.
759 1634 841 1697 ocior
856 1635 920 1714 ipse

107 1721 164 1782 hos
178 1721 255 1782 inter
269 1728 368 1781 motus
384 1720 525 1800 populns,
540 1720 706 1781 miserabile
721 1721 796 1792 risu,

110 1824 168 1885 quo
184 1825 268 1867 mens
283 1806 339 1866 icta
355 1806 447 1878 iubet,
463 1806 575 1867 deserta
592 1807 707 1867 ducitur
722 1807 803 1867 urbe.

110 1891 216 1970 gaudet
230 1892 324 1952 Roma
339 1890 421 1970 fuga,
436 1891 625 1970 debellatique
640 1891 769 1964 Quirites

108 1975 238 2037 rumoris
253 1977 350 2037 sonitu
367 1975 524 2037 maerentia
538 1984 615 2037 tecta
629 1977 803 2054 relinquunt.
1029 1991 1078 2041 225

110 2060 156 2122 ille
170 2080 259 2122 manu
274 2062 377 2140 pavida
392 2068 477 2122 natos
492 2067 584 2132 tenet,
601 2061 648 2121 ille
664 2068 783 2140 penates

109 2146 234 2208 occultat
248 2147 359 2224 gremio
375 2146 615 2226 deploratumque
629 2145 766 2224 relinquit

111 2231 200 2293 limen
213 2239 242 2292 et
256 2232 406 2292 absentem
422 2235 498 2293 votis
515 2231 650 2292 interlicit
664 2233 790 2293 hostem.

113 2324 183 2378 sunt
196 2316 246 2395 qui
262 2316 433 2395 coniugibus
449 2317 606 2378 maerentia
623 2324 741 2396 pectora
757 2319 890 2395 iungant,

110 2401 348 2480 grandaevosque
363 2409 460 2481 patres
478 2402 633 2480 onerisque
648 2402 746 2481 ignara
761 2402 903 2463 iuventus.
1030 2416 1079 2467 230

110 2487 140 2548 id
154 2505 209 2566 pro
227 2505 284 2565 quo
301 2487 417 2560 metuit,
433 2494 545 2547 tantum
561 2487 657 2547 trahit.
689 2487 787 2547 omnia
804 2505 904 2547 secum

110 2571 158 2633 hic
171 2572 250 2633 vehit
264 2572 435 2650 imprudens
450 2571 645 2650 praedamque
659 2572 689 2631 in
707 2570 815 2650 proelia
831 2571 919 2632 ducit.

110 2675 144 2719 ac
158 2657 236 2717 velut
251 2677 285 2718 ex
300 2658 356 2718 alto
370 2675 436 2717 cum
452 2673 576 2735 magnus
591 2656 738 2717 inhorruit
752 2663 851 2717 auster

111 2749 140 2802 et
153 2742 252 2822 pulsas
269 2742 369 2803 evertit
382 2759 487 2819 aquas,
503 2759 564 2802 non
580 2760 660 2802 arma
676 2741 835 2813 ministris,

111 2845 171 2888 non
186 2846 324 2905 regumen
340 2827 476 2906 prodest,
493 2826 561 2904 ligat
577 2826 648 2887 alter
662 2826 792 2906 pondera
808 2826 910 2906 pinus,
1030 2841 1078 2891 235

111 2913 182 2973 alter
196 2920 257 2974 tuta
272 2912 338 2973 sinu
353 2911 562 2990 tranquillaque
576 2912 662 2972 litora
677 2911 802 2992 quaerit:

111 2996 160 3058 hic
174 2997 223 3058 dat
237 2998 296 3057 vela
311 2999 395 3075 fugae
409 2997 603 3076 fortunaeque
619 2997 716 3059 omnia
733 2998 832 3059 credit.

113 3081 181 3162 quid
196 3089 255 3143 tam
272 3101 360 3161 parva
376 3080 506 3160 queror?
521 3082 638 3161 gemino
654 3102 720 3144 cum
738 3083 857 3144 consule
872 3083 1009 3161 Magnus,

111 3166 158 3228 ille
171 3174 283 3228 tremor
297 3167 384 3228 Ponti
400 3168 534 3247 saevique
549 3175 682 3246 repertor
696 3169 842 3247 Hydaspis

112 3259 141 3313 et
155 3251 313 3331 piratarum
329 3253 485 3331 scopulus,
502 3251 592 3313 modo
609 3271 696 3331 quem
712 3259 757 3313 ter
771 3262 906 3314 ovantem
1031 3267 1080 3318 240

111 3337 241 3417 luppiter
255 3338 423 3410 horruerat,
439 3356 525 3416 quem
541 3337 634 3397 fracto
651 3337 763 3415 gurgite
778 3337 891 3400 Pontus

112 3429 141 3483 et
155 3430 306 3484 veneratus
322 3429 384 3484 erat
399 3422 557 3483 summissa
573 3422 724 3502 Bosporos
739 3422 829 3496 unda,

112 3526 167 3587 pro
183 3507 292 3587 pudor,
307 3508 421 3587 imperii
436 3508 553 3569 deserto
568 3507 688 3568 nomine
702 3507 788 3586 fugit,

113 3599 146 3653 ut
160 3593 288 3654 Fortuna
303 3593 373 3654 levis
388 3593 484 3671 Magni
500 3611 617 3673 quoque
631 3600 710 3671 terga
726 3593 844 3654 videret.

155 3696 223 3757 ergo
238 3685 317 3739 tauta
332 3678 393 3738 lues
409 3678 507 3739 divom
524 3696 641 3757 quoque
656 3679 776 3739 numina
791 3677 870 3752 vicit,
1031 3692 1079 3744 245
1126 3657 1185 3750 1ยน24

113 3763 322 3843 consensitque
336 3763 422 3841 fugae
438 3763 508 3824 caeli
522 3765 621 3825 timor.
651 3782 717 3824 ecce
732 3782 785 3842 per
801 3763 901 3824 orbem

112 3846 191 3907 mitis
205 3849 291 3909 turha
307 3848 393 3908 deum
409 3856 502 3910 terras
518 3867 605 3909 erosa
619 3848 742 3909 furentis

113 3931 222 3994 deserit
236 3940 322 4013 atque
337 3933 490 3994 hominum
507 3935 676 3994 damnatum
690 3932 828 3994 avertitur
842 3949 955 4008 agmen.

112 4016 173 4080 Pax
188 4018 283 4098 prima
298 4024 365 4081 ante
379 4017 448 4080 alias
463 4019 563 4080 niveos
579 4019 692 4100 pulsata
705 4019 829 4080 lacertos
844 4073 846 4076 ,
