2646 4710
159 356 199 419 28
631 351 787 406 rnraouu

155 500 252 571 ‘anno
272 499 385 589 priore'
404 509 500 588 inquit
518 508 663 571 actuarius
678 496 726 570 ‘et
744 507 832 570 ideo
823 525 855 569 m
870 508 1013 569 ratiomm
1028 486 1163 570 nondum
1180 525 1273 571 vene-

157 603 238 656 runt.
217 587 430 656 excanduit
441 593 619 656 Trimalchio
635 585 685 656 et‘
687 584 862 692 quicunqne'
876 593 971 672 inquit
958 583 1064 654 t‘mihi
1078 592 1165 656 lunda
1177 595 1273 675 empta

157 680 278 754 luerint,
298 680 354 741 nisi
374 680 450 741 intra
465 687 581 741 sextum
597 698 729 741 mensem
744 681 855 750 sciero,
875 678 905 739 in
920 678 1051 740 rationes
1066 697 1147 740 meas
1164 678 1272 742 inferri

157 757 261 828 vetuo?
290 765 347 826 iam
368 765 453 826 etiam
473 764 567 825 edicta
586 764 722 826 aedilium
741 765 937 827 recitabantur
956 771 985 824 et
1000 764 1209 826 saltuariorum
1224 773 1271 827 te·

158 858 309 923 sarmenta,
326 849 430 930 quibus
444 849 620 910 Trimalchio
633 868 699 911 cum
711 849 805 929 elogio
818 848 1059 922 exheredabatur3
1074 849 1132 910 iam
1144 851 1271 913 nomina

158 937 320 998 rilhcorum
336 942 364 996 et
378 935 529 1015 repudiata
544 955 560 996 a
576 935 710 997 circitcre
724 934 824 997 liberta
839 935 870 995 in
881 934 1057 996 balneatoris
1070 935 1268 998 contubernio

158 1022 339 1101 deprehensa
355 1027 384 1082 et
398 1020 533 1082 atriensis
547 1020 630 1082 Baias
645 1021 803 1099 relegatus;
817 1021 875 1082 iam
889 1038 958 1082 reus
973 1019 1068 1081 lactus
1079 1020 1271 1101 dispensator

157 1114 186 1168 et
200 1105 339 1169 iudicium
355 1106 430 1167 inter
446 1106 637 1178 cubicularios
652 1112 758 1168 actum.

243 1190 437 1271 petauristarii
452 1198 549 1253 antem
564 1191 682 1253 medem
698 1198 849 1252 venerunt.
879 1191 949 1252 haro
965 1190 1184 1253 insulsissimus
1200 1211 1269 1255 cum

159 1277 244 1339 scalis
261 1276 393 1338 constitit
407 1294 590 1356 puemmque
605 1276 691 1338 iussit
705 1295 758 1356 per
773 1276 879 1355 gradus
892 1276 961 1337 etin
973 1295 1088 1338 summa
1099 1283 1184 1357 parte
1196 1277 1269 1340 oda-

159 1363 201 1424 ria
217 1362 330 1436 saltare,
346 1361 470 1423 circulos
485 1362 590 1424 deinde
605 1362 738 1425 ardentes
753 1362 879 1424 transire
893 1370 923 1424 et
937 1362 1071 1424 dentibus
1091 1363 1269 1441 amphoram

159 1449 313 1510 sustinere.
348 1448 507 1509 mirahatur
525 1449 597 1510 haec
618 1448 700 1511 solus
720 1447 896 1510 Trimalchio
923 1447 1094 1526 dicebatque
1118 1447 1268 1526 ingratum

158 1533 311 1596 artificium
329 1552 404 1594 esse.
435 1552 467 1594 ce
468 1540 562 1595 terum
578 1533 635 1593 duo
651 1552 716 1594 esse
730 1533 761 1593 in
776 1533 865 1594 rebus
880 1533 1018 1595 humanis
1035 1551 1109 1611 quae
1130 1533 1269 1595 libentis

160 1620 233 1680 sime
249 1625 403 1697 spectaret
419 1618 640 1720 petauristarios
654 1626 683 1679 et
698 1617 1000 1722 comicines3reliqua
1015 1617 1165 1722 [animalia]
1181 1638 1269 1682 acro·

159 1711 254 1766 amata
273 1704 360 1764 tricas
383 1722 479 1765 meras
500 1723 572 1765 esse.
599 1694 684 1766 ‘nam
707 1711 735 1764 et
750 1664 946 1764 comoedos'
938 1704 1033 1802 inquit
1043 1695 1205 1779 emeram,
1225 1710 1270 1766 set

158 1789 245 1851 malni
257 1787 349 1849 illosh
351 1789 488 1851 tellanam
500 1789 603 1862 lacere,
618 1796 646 1850 et
658 1789 815 1851 choraulen
828 1807 927 1852 meum
938 1789 1009 1850 iussi
1002 1789 1123 1851 Latine
1132 1781 1269 1852 cantare.³

103 1875 142 1935 54
245 1893 311 1936 cum
332 1875 458 1936 maxime
477 1874 549 1937 haec
569 1874 667 1936 dicent
654 1882 683 1936 te
698 1874 769 1936 Gaio
785 1893 859 1973 puer
871 1920 960 1936 .....
973 1874 1199 1938 Trimalchionis
1216 1877 1268 1938 de-

159 1961 258 2040 lapsus
274 1967 327 2022 est.
359 1960 549 2022 conclamavit
567 1960 687 2034 familia,
708 1979 762 2022 nec
782 1961 879 2022 minus
896 1961 1046 2032 convivae,
1067 1977 1129 2021 non
1145 1951 1270 2041 propter

158 2047 309 2109 hominem
328 2053 387 2107 tam
409 2047 554 2126 putidum,
574 2046 656 2108 cuius
672 2053 701 2107 et
715 2045 840 2108 cervices
856 2047 961 2109 fractas
976 2045 1101 2107 libenter
1114 2045 1269 2120 vidissent,

159 2132 210 2194 sed
236 2138 360 2212 propter
375 2131 484 2192 malum
505 2131 614 2193 exitum
638 2150 740 2204 cenae,
774 2150 811 2192 ne
830 2149 950 2193 necesse
973 2131 1116 2192 haberent
1140 2131 1270 2195 alienum

158 2223 310 2278 mortuum
326 2217 449 2294 plorare.
476 2212 540 2296 ipse
550 2216 727 2278 Trimalchio
745 2234 811 2277 cum
823 2217 948 2295 graviter
959 2216 1150 2296 ingemuisset
1161 2236 1270 2298 snper-

160 2320 216 2381 que
236 2301 387 2363 brachium
409 2310 547 2382 tanquam
568 2301 678 2362 laesum
695 2301 889 2374 incubuisset,
912 2320 1088 2364 concurrere
1102 2303 1219 2379 medici,
1240 2311 1271 2366 et

159 2387 235 2449 inter
254 2387 368 2467 primos
388 2388 546 2449 Fortunata
566 2387 695 2449 crinibus
716 2387 813 2467 passis
834 2406 900 2448 cum
921 2389 1045 2468 scypho,
1071 2387 1271 2469 miseramque

161 2493 193 2534 se
213 2481 300 2553 atque
318 2473 462 2535 infelicem
484 2472 681 2552 proclamavit.
711 2491 779 2534 nam
800 2491 875 2552 puer
894 2472 1027 2552 quidem,
1048 2472 1097 2553 qui
1118 2473 1270 2552 ceciderat,

92 2561 93 2564 ’
160 2558 331 2621 circumibat
350 2559 407 2619 iam
428 2558 540 2621 dudum
560 2559 649 2638 pedes
671 2565 791 2620 nostros
806 2566 835 2620 et
850 2558 1024 2620 missionem
1040 2558 1169 2638 rogabat.
1198 2580 1270 2640 pes·

159 2645 233 2706 sime
249 2644 320 2706 mihi
336 2653 406 2718 erat,
422 2663 459 2706 ne
474 2645 519 2705 his
536 2644 671 2725 precihus
688 2644 816 2725 periculo
832 2655 931 2706 aestro
947 2645 1054 2725 aliquid
1066 2646 1271 2725 catastrophae

159 2738 354 2812 quaereretur.
385 2748 440 2793 nec
454 2730 532 2792 enim
549 2731 644 2793 adhuc
656 2730 800 2793 exciderat
812 2749 899 2793 cocus
912 2731 974 2805 ille,
991 2731 1041 2810 qui
1056 2729 1162 2791 oblitus
1173 2729 1271 2796 fuerat

158 2834 281 2896 porcum
295 2815 465 2876 eximerere,
496 2817 592 2896 itaque
606 2825 701 2879 totum
715 2816 938 2896 circumspicere
952 2815 1109 2876 triclinium
1122 2816 1218 2895 coepi,
1233 2837 1272 2880 ne

159 2919 212 2980 per
223 2900 364 2979 parietem
377 2908 557 2962 automatum
570 2902 686 2982 aliquod
698 2902 795 2973 exiret,
808 2901 908 2978 utique
919 2906 1076 2978 postquam
1089 2918 1190 2961 servus
1202 2921 1271 2965 rer·

160 2985 256 3047 hereri
269 2984 374 3064 coepit,
388 2987 438 3064 qui
449 2985 601 3048 brachium
615 2985 726 3047 domini
739 2993 896 3047 contusum
909 2985 973 3045 alba
984 2984 1083 3064 potius
1096 3002 1182 3063 quam
1195 3006 1270 3051 con-

160 3071 280 3150 chyliata
296 3071 453 3133 involverat
467 3071 541 3132 lana.
568 3089 623 3131 nec
637 3071 722 3149 longe
736 3069 877 3131 aberravit
892 3069 1016 3149 suspitio
1033 3087 1112 3143 mea,
1131 3068 1161 3129 in
1177 3073 1270 3137 vicem

61 3215 65 3220 ,
160 3153 1270 3254 enirnpoenaevenitdecretumTrimalchionis,quopueruminssitliberum

160 3260 238 3315 esse,
260 3259 297 3302 ne
317 3242 383 3321 quis
405 3249 507 3322 posset
523 3242 645 3304 diceret
633 3249 681 3303 tan
683 3249 746 3303 tum
761 3241 855 3303 virum
868 3259 933 3301 esse
948 3259 963 3303 a
979 3260 1063 3303 servo
1077 3241 1208 3303 voluerat
1195 3249 1270 3306 tum
1274 3272 1281 3277 ·

105 3328 144 3387 55
246 3327 474 3424 comprobamus
491 3327 668 3389 nosfactum
691 3335 719 3388 et
739 3345 844 3431 quam
844 3326 873 3388 in
888 3327 1038 3422 praecipiti
1057 3345 1104 3389 res
1123 3327 1270 3392 humanae

161 3419 272 3487 essent,
304 3413 382 3474 vario
413 3431 549 3475 sermone
576 3411 729 3509 gemimus.
775 3402 844 3473 ita'
873 3411 1010 3515 inquit
991 3407 1199 3474 Trimalchio‘
1207 3432 1270 3476 non

162 3504 281 3576 oportet
300 3498 378 3560 hunc
393 3517 492 3561 cesum
509 3498 572 3559 sine
587 3497 778 3577 inscriptione
793 3498 917 3559 transire
946 3497 1102 3596 statimque
1118 3498 1268 3562 codicillos

161 3582 315 3686 poposcit
311 3591 339 3645 et
355 3601 414 3645 non
433 3583 481 3644 diu
498 3581 672 3660 cogitatione
689 3582 812 3665 distorta
827 3582 899 3644 haec
913 3583 1054 3645 recitavit.

307 3660 399 3746 quod
415 3684 474 3726 non
491 3675 635 3747 expectes,
652 3686 686 3730 er
701 3675 869 3729 transverso
885 3669 976 3731 fit...

320 3759 390 3812 e..t
404 3769 492 3831 supra
508 3769 564 3813 nos
580 3752 710 3814 Fortuna
726 3753 841 3834 negotia
857 3760 948 3815 curat.

362 3854 451 3916 quare
465 3837 501 3899 da
516 3836 643 3900 nobis
618 3856 682 3899 rina
699 3839 831 3912 Falerna,
847 3831 940 3919 puer?

246 3920 282 3982 ah
297 3920 355 3983 hoc
370 3922 578 4002 epigrammate
594 3923 690 4003 coepit
705 3931 857 4004 poetarum
874 3942 939 3987 essa
955 3924 1065 3986 mentio
