2646 4710
564 342 707 396 3333333
1148 344 1186 408 81

78 500 154 574 lum,
177 516 247 560 cum
265 497 394 570 libuerit,
415 491 611 576 adgnoscere.²
636 488 757 558 ‘immo’
771 499 890 576 inquam
912 514 965 574 ego
978 487 1049 576 ‘per
1062 498 1187 559 formam

79 592 160 647 tuam
176 591 208 646 33
222 601 311 680 rogo,
334 600 371 643 ne
384 581 517 643 fastidias
533 583 685 644 homiuem
700 582 885 662 peregrinum
902 581 977 643 inter
993 583 1120 644 cultores
1135 583 1187 645 ad-

79 670 206 732 mittere.
241 668 368 730 invenies
389 667 618 746 religiosum,
593 688 618 729 sr
639 676 667 728 te
686 669 802 730 adorari
822 668 1001 747 permiseris.
1032 688 1065 729 33
1084 687 1121 729 33
1141 688 1188 730 me

77 755 191 817 iudices
210 754 247 815 ad
267 754 352 815 hoct
339 753 481 855 templum
497 754 614 814 Amoris
631 761 693 832 3333
693 754 718 815 33
680 753 883 826 t‚accedere
905 755 984 814 dono
1000 754 1053 814 tibi
1067 755 1124 816 frat
1112 762 1187 816 trem

78 831 201 902 meum?
225 829 374 919 ‘quidnii
396 829 666 916 inqurtrlladonas
682 839 753 900 333333
769 858 850 911 eum
872 857 1008 919 sineque
1024 857 1086 900 non
1102 847 1187 919 poes

78 926 192 1000 virere,
213 944 249 985 ex
265 924 347 985 ouius
364 923 465 983 osculo
482 923 607 1002 pendes,
625 942 711 1002 quem
728 925 771 985 sie
784 931 816 985 tu
831 943 922 1022 amas,
940 925 1187 1003 quemadmodum

78 1028 134 1091 ego
148 1019 180 1072 te
185 973 298 1070 volol’
328 1008 422 1069 haec
415 1026 480 1087 ipsa
496 1027 562 1069 cum
578 1009 695 1080 diceret,
711 1017 790 1070 tanta
802 1016 866 1088 grat
867 1010 892 1070 ia
853 1009 1077 1071 tconoiliabat
1087 1030 1186 1071 vocem

78 1095 243 1176 loquentis,
265 1102 324 1155 tam
344 1093 437 1154 dulcis
453 1111 546 1155 sonus
561 1101 791 1173 pertemptatum
806 1095 951 1156 mulcebat
965 1115 1039 1167 aera,
1054 1103 1087 1156 ut
1102 1103 1188 1175 puta-

78 1200 127 1244 res
142 1181 220 1244 inter
233 1197 321 1242 auras
337 1196 438 1240 canere
454 1179 588 1240 Sirenum
606 1180 803 1241 concordiam.
834 1181 1066 1270 itaquemirantr,
1051 1182 1110 1242 iet
1123 1189 1186 1242 toto

78 1266 152 1329 mihi
174 1265 252 1328 33333
273 1264 378 1326 clarius
398 1265 498 1326 nescio
519 1265 588 1344 quid
608 1264 765 1338 relucent‚e
786 1265 873 1326 libuit
887 1267 957 1326 deae
972 1284 1080 1327 nomen
1098 1285 1187 1345 quae-

77 1370 152 1415 rere.
179 1341 248 1412 ita‘
263 1349 358 1429 inquit
368 1342 445 1410 ‘non
461 1349 533 1410 dixit
547 1348 599 1411 33333
613 1350 714 1412 3333333
729 1369 792 1410 mea
805 1350 907 1411 Circen
918 1370 966 1411 me
976 1350 1096 1413 3333333
1126 1369 1187 1412 333

80 1456 147 1499 sum
164 1436 283 1517 quidem
298 1435 377 1496 Solis
392 1436 556 1515 progenies
572 1454 627 1496 333
642 1454 705 1496 mea
721 1442 827 1508 mater,
849 1437 919 1496 dum
934 1437 1041 1515 placet,
1063 1437 1169 1497 labent
1149 1444 1186 1497 trs

79 1522 185 1585 muudi
198 1538 320 1583 cursum
335 1520 466 1581 detinuit.
496 1519 610 1581 habebo
626 1529 724 1582 tamen
740 1521 820 1600 quod
836 1522 913 1582 33333
926 1523 1077 1601 imputem,
1093 1522 1119 1582 si
1130 1540 1186 1583 nos

79 1608 137 1670 leta
152 1605 367 1670 coniunxerint.
398 1605 489 1666 immo
504 1606 563 1667 iam
576 1606 678 1667 333333
691 1605 758 1685 quid
771 1607 866 1668 tacitis
879 1607 1102 1705 cogitationibus
1115 1609 1187 1669 deus

79 1693 147 1773 agit
177 1711 233 1754 nec
251 1691 313 1752 3333
329 1710 415 1752 33333
430 1691 598 1772 Polyaenon
615 1692 696 1753 Circe
711 1700 801 1753 33333·
823 1712 940 1790 semper
955 1694 1117 1754 3333333333
1130 1712 1186 1754 33-

79 1778 161 1841 minu
179 1796 285 1857 magna
304 1777 352 1838 lau
373 1777 474 1855 surgit
510 1796 596 1838 sume
616 1796 685 1857 ergo
708 1778 934 1856 amplexums
910 1798 935 1839 sr
955 1779 1057 1858 placet.
1091 1797 1187 1881 neque

79 1863 216 1945 estquod
233 1861 382 1927 curiosum
395 1863 518 1941 aliquem
531 1862 714 1924 extimescas:
729 1864 817 1942 longe
829 1864 864 1925 ab
877 1865 934 1925 boc
945 1864 1010 1924 loco
1021 1866 1112 1925 frater
1124 1856 1187 1926 333.1

79 1948 153 2011 dixit
170 1949 243 2010 baec
257 1947 350 2022 Circe,
370 1947 602 2045 implicitumque
617 1968 664 2009 me
679 1948 804 2010 brachiis
821 1949 1003 2012 mollioribus
1018 1951 1119 2028 pluma
1134 1951 1184 2011 de-

79 2034 184 2099 duxit'
175 2052 209 2096 ru
221 2041 329 2096 terram
344 2034 423 2095 vario
440 2033 569 2112 gramine
584 2034 730 2095 indutam:

224 2119 309 2181 Idaeo
325 2119 424 2198 quales
440 2119 515 2180 fudit
530 2119 565 2180 de
580 2120 685 2180 vertice
700 2119 788 2180 flores

223 2212 301 2266 terra
315 2223 438 2284 parens,
454 2223 520 2265 cum
537 2224 569 2265 se
584 2223 727 2266 33333333
744 2204 838 2266 iunxit
852 2206 945 2266 amori

222 2289 355 2370 luppiter
370 2299 398 2351 et
411 2297 475 2351 toto
492 2290 626 2369 concepit
640 2299 758 2370 pectore
773 2291 920 2352 flammas:

224 2375 369 2437 emicuere
383 2394 469 2437 rosae
483 2375 633 2454 violaeque
648 2383 677 2436 et
691 2375 778 2436 molle
793 2395 937 2456 cyperon,

165 2476 181 2527 t
224 2459 344 2541 albaque
359 2461 395 2521 de
410 2460 493 2521 viridi
508 2461 638 2523 riserunt
651 2461 708 2522 lilia
723 2468 823 2539 prato:

222 2545 288 2607 talis
303 2547 413 2607 humus
428 2547 569 2607 Venerem
586 2545 689 2607 molles
706 2546 840 2606 clamavit
854 2545 883 2606 in
897 2543 1017 2617 herbas,

225 2631 433 2711 candidiorque
448 2630 509 2692 dies
525 2638 639 2692 secreto
654 2631 725 2692 favit
739 2631 841 2691 amori.

78 2715 111 2779 in
124 2714 184 2778 boc
198 2715 328 2795 gramine
343 2718 452 2795 pariter
466 2717 624 2796 compositi
639 2717 716 2778 mille
732 2715 840 2777 osculis
855 2713 995 2788 lusimus,
1015 2721 1186 2793 quaerentes

77 2800 260 2882 voluptatem
274 2802 427 2864 robustam

622 2897 642 2936 3

161 2963 248 3070 ‘quid
270 2962 326 3035 est'
345 2972 441 3071 inquit
456 2965 639 3052 ‘nunquidt
626 2973 810 3034 etosculum
830 2989 929 3032 meum
946 2966 1088 3031 oilendrt‘l
1108 2976 1256 3037 nun-12³3

80 3056 152 3156 quid
163 3056 307 3138 spiritus
298 3059 406 3120 ieiunio
418 3055 537 3120 3333333
553 3059 685 3137 nunquid
701 3059 810 3119 alarum
828 3056 980 3134 negligens
998 3052 1188 3116 sudor‘lt
1139 3063 1188 3117 333

81 3143 105 3204 33
125 3143 198 3206 haec
217 3162 279 3205 uon
300 3153 369 3206 sunt
375 3143 533 3223 ,nunquid
557 3143 693 3206 Gitonat
681 3133 804 3205 timesl'
834 3143 970 3222 perfusus
997 3160 1051 3220 ego
1078 3141 1186 3201 rubore

80 3228 235 3291 manifesto
251 3231 337 3291 etiam
353 3250 379 3291 33
371 3229 464 3334 quid
479 3227 677 3289 habueram
651 3229 771 3300 virium,
786 3227 908 3306 perdidi,
923 3234 1046 3323 totoque
1062 3245 1187 3306 corpore

81 3308 299 3376 velutilaxato‘
259 3309 428 3395 oquaeso’
442 3315 561 3417 inquam
573 3306 701 3392 ‘regina
719 3275 778 3373 noli
795 3312 947 3392 suggillare
962 3311 1106 3374 miserias.
1137 3331 1185 3371 33-
1228 3365 1230 3371 .

82 3398 186 3462 neiicic
203 3408 355 3462 contactus
372 3391 451 3463 sum'

621 3495 641 3534 33

161 3563 229 3644 ‘dic,
244 3570 371 3652 Chrysis,
387 3572 438 3634 sed
453 3545 569 3631 verum:
585 3569 717 3648 nunquid
733 3569 871 3630 indecens
888 3565 978 3628 sum?
993 3568 1147 3647 nunquid
1140 3588 1185 3628 m·

81 3653 220 3736 compta?
243 3657 373 3737 nunquid
395 3656 430 3718 ab
450 3656 545 3734 aliquo
566 3663 617 3717 nat
604 3655 745 3717 turalit
705 3663 745 3716 333
746 3657 774 3715 33
790 3655 915 3715 formam
932 3673 1026 3715 meam
1043 3651 1186 3714 33333333

81 3741 141 3802 noli
167 3741 300 3820 decipere
325 3742 474 3804 dominam
499 3750 588 3802 tuam.
628 3742 728 3801 333333
756 3740 824 3819 quid
850 3731 1051 3820 peccavimus
1091 3739 1188 3818 rapuit

81 3825 217 3888 deindet
204 3829 311 3888 acentr
325 3828 491 3907 speculum
512 3834 540 3888 et
554 3834 713 3905 postquam
730 3844 832 3887 omncs
848 3826 907 3886 vul
896 3834 944 3886 us
959 3833 1021 3886 ten
1022 3832 1091 3895 avr
1112 3843 1186 3902 quos

82 3911 157 3973 solet
182 3911 258 3973 inter
284 3921 415 3975 amantes
440 3912 518 3973 risus
538 3913 662 3990 tingere,
689 3911 818 3974 excussit
838 3931 907 3971 vexa
910 3918 968 3970 tam
990 3910 1054 3970 solo
1075 3917 1186 3970 vestem

80 3998 245 4077 raptimque
264 3999 364 4060 aedem
385 3996 505 4060 Veneris
526 3997 648 4060 intravit.
684 4017 738 4076 333
759 4004 860 4059 333333
881 3996 1036 4057 damnatus
1057 4003 1086 4056 et
1105 3994 1187 4074 quasi

133 4095 232 4139 Petronii
247 4095 325 4139 3333333
970 4095 986 4143 6
