2646 4710
562 369 705 423 sarthan
1145 371 1185 433 67

77 535 196 617 ingenio
215 535 463 616 prudentissimae
482 537 624 610 feminae,
651 544 830 638 posterqqne
850 538 897 598 die
916 538 1043 618 populus
1063 537 1185 600 miratus

77 631 134 698 est,
149 640 208 720 qna
223 621 336 682 ratione
351 631 487 682 mortuus
502 621 575 683 isset
588 622 617 681 in
634 613 769 683 crucem?

164 709 229 769 risu
244 724 381 786 excepere
396 707 521 768 fabulam
538 716 656 782 nautae,
678 709 729 785 [etl
742 707 932 769 erubescente
950 725 1010 770 non
1026 707 1185 770 mediocri·
1197 703 1256 766 113

76 800 124 856 ter
138 793 314 874 Tryphaena
334 792 393 853 vult
381 801 502 870 tumque
522 811 609 853 suum
631 811 721 871 super
740 793 878 854 cervicem
896 794 1010 855 Gitonis
1025 794 1186 856 amabiliter

76 890 217 982 ponente.
253 885 283 938 at
307 894 369 938 333
397 877 499 938 Lichas
524 877 602 950 risit,
630 878 710 938 sed
703 887 758 938 irat
760 897 810 939 um
832 898 1022 940 commovens
1042 869 1154 959 caprnt‘
1162 880 1185 940 si

76 955 189 1027 instus'
208 964 303 1042 inquit
320 953 497 1041 imperator
515 963 634 1035 fuisset,
656 963 755 1024 debuit
774 965 866 1066 patris
886 965 1011 1026 familiae
1031 965 1187 1045 corpusin

78 1049 296 1111 monimentum
312 1048 431 1120 referre,
448 1048 598 1109 mulierem
615 1049 741 1128 adigere
756 1041 858 1110 cruci'.

163 1150 227 1194 333
242 1132 332 1194 dubie
345 1133 494 1193 redierat
487 1151 515 1192 m
531 1135 663 1194 animum
685 1134 792 1213 Hedyle
804 1134 1019 1214 expilatumque
1031 1135 1186 1197 libidinosa

79 1218 257 1298 migratione
276 1218 431 1296 navigium.
463 1219 587 1299 sed‘nec
614 1219 742 1279 foederis
758 1219 843 1280 verba
860 1221 1067 1299 permittebant
1081 1221 1186 1281 memi-

77 1304 171 1376 nisse,
187 1321 242 1364 nec
256 1303 395 1375 hilaritas,
411 1321 485 1381 quae
500 1311 762 1383 praeoccupaverat
775 1314 905 1376 mentes,
922 1305 1009 1365 dabat
1023 1305 1187 1367 iracundiae

77 1389 188 1452 locum.
218 1396 345 1450 ceterum
362 1387 532 1467 Tryphaena
554 1391 584 1450 in
604 1390 715 1468 gremio
732 1389 846 1450 Gitonis
862 1389 959 1469 posita
976 1391 1065 1450 modo
1081 1391 1186 1470 imple·

77 1474 131 1536 bat
149 1473 256 1535 osculis
277 1481 394 1553 pectus,
417 1474 563 1534 interdum
585 1475 778 1535 concinnabat
797 1474 954 1554 spoliatum
977 1475 1103 1535 crinibus
1123 1475 1186 1536 vul-

78 1567 153 1622 tum.
198 1577 251 1639 ego
267 1567 396 1619 maestus
412 1567 440 1618 et
456 1559 609 1638 impatiens
625 1560 751 1619 foederis
767 1560 835 1620 novi
851 1578 911 1621 333
926 1561 1037 1633 cibum,
1054 1578 1113 1621 333
1131 1580 1186 1640 po-

78 1644 191 1707 tionem
207 1644 371 1724 capiebam,
387 1644 436 1704 sed
454 1645 578 1722 obliquis
594 1645 784 1723 trucibusque
801 1646 893 1707 oculis
909 1653 1056 1724 utrunque
1071 1653 1186 1725 specta-

78 1729 157 1792 bam.
188 1730 287 1791 omnia
302 1748 350 1789 me
366 1730 465 1790 oscula
479 1731 679 1801 vulnerabant,
697 1748 801 1790 omues
817 1730 982 1804 blanditiae,
998 1750 1187 1811 quascunque

79 1813 187 1877 mulier
200 1814 354 1876 libidinosa
369 1815 505 1893 lingebat.
533 1833 587 1877 333
601 1824 698 1877 tamen
713 1816 810 1877 adhuc
824 1815 961 1888 sciebam,
980 1825 1078 1877 utrum
1095 1817 1187 1896 magis

79 1917 173 1981 puero
189 1899 340 1968 irascerer,
356 1902 433 1978 qnod
450 1901 572 1960 amicam
589 1901 659 1962 mihi
676 1900 810 1972 auferret,
827 1919 863 1962 an
878 1901 1002 1971 amicae,
1019 1902 1097 1980 quud
1113 1920 1187 1980 pne-

79 2003 147 2048 rnm
167 1993 387 2065 corrumperet:
407 1993 530 2064 utraque
549 1985 750 2047 inimicissima
770 1986 861 2047 oculis
881 1987 954 2046 meis
975 1994 1005 2047 et
1024 1985 1187 2065 captivitate

79 2071 234 2151 praeterita
263 2070 404 2132 tristiora.
443 2071 597 2132 accedebat
622 2071 693 2141 huc,
721 2072 799 2149 quod
831 2088 925 2150 neque
946 2071 1118 2151 Tryphaena
1139 2090 1187 2132 me
1244 2142 1247 2146 λ

78 2155 282 2237 alloquebatur
301 2163 439 2234 tanquam
461 2155 633 2217 familiarem
654 2164 683 2217 et
701 2157 856 2235 aliquando
873 2164 986 2235 gratum
1002 2156 1056 2217 sibi
1072 2167 1186 2217 amato·

78 2260 158 2314 rem,
177 2259 234 2303 nec
253 2241 341 2303 Giton
363 2259 410 2302 me
429 2249 479 2303 ant
498 2241 636 2303 tralaticia
656 2241 862 2321 propinatione
888 2241 1006 2320 dignum
1032 2241 1185 2315 indicabat,

78 2335 130 2389 aut
143 2327 222 2406 quod
238 2326 393 2388 minimum
410 2334 467 2399 est,
483 2345 621 2388 sermone
636 2327 787 2388 communi
804 2326 937 2399 vocabat,
954 2327 1058 2398 credo,
1077 2327 1186 2389 veritus

79 2430 118 2473 33
133 2411 210 2473 inter
224 2410 306 2472 initia
321 2411 454 2472 coeuntis
470 2414 577 2490 gratiae
591 2421 739 2474 recentem
752 2413 913 2473 cicatricem
927 2412 1113 2472 rescinderet
1139 2413 1186 2474 in·

78 2497 228 2560 nudavere
239 2505 342 2577 pectus
354 2497 487 2558 lacrimae
499 2499 602 2559 dolore
613 2506 740 2578 paratae,
756 2499 938 2577 gemitusque
949 2496 1076 2576 suspirio
1093 2505 1186 2558 tectus

79 2583 210 2644 animam
223 2601 316 2662 paene
332 2582 480 2645 submovit

621 2680 641 2719 a

166 2752 198 2814 in
217 2761 330 2833 partem
350 2753 508 2832 voluptatis
523 2752 654 2814 tentabat
668 2752 789 2827 admitti,
803 2770 857 2813 nec
872 2751 983 2812 domini
999 2749 1186 2830 supercilium

79 2838 229 2912 induebat
245 2839 297 2901 sed
313 2837 396 2901 amici
414 2838 570 2918 quaerebat
585 2838 760 2918 obsequium

621 2935 641 2974 a

105 3077 108 3081 A
164 2999 207 3069 ‘sr
199 3007 316 3105 '‘quid
309 3009 427 3104 ingenui
444 3008 597 3087 sanguinis
609 3007 709 3080 habes,
726 3007 887 3110 nonplpris
898 3007 975 3068 illam
988 3005 1085 3082 iacies,
1100 3025 1186 3087 33333

83 3110 231 3174 spurcam.
262 3093 287 3154 si
302 3093 346 3153 vir
360 3093 460 3168 tueris,
475 3112 536 3155 non
551 3094 606 3156 ibis
622 3095 656 3155 ad
673 3084 839 3174 spintriam’

621 3191 643 3230 ee

168 3282 217 3324 me
235 3263 307 3324 nihil
322 3263 415 3342 magis
431 3263 578 3342 pungebat
594 3282 680 3342 squam
697 3281 734 3323 ne
748 3262 912 3340 Eumolpus
929 3262 1084 3333 sensisset,
1106 3261 1188 3342 quic-

82 3347 151 3427 quid
167 3348 353 3422 illudfuerat,
368 3349 502 3410 ethome
519 3348 720 3409 dicacissimus
737 3347 914 3409 carminibus
930 3347 1089 3408 vindicaret

622 3446 642 3485 3

167 3518 243 3581 iurat
256 3520 420 3600 Eumolpus
436 3517 531 3579 verbis
548 3517 781 3600 conceptissimis

621 3614 642 3652 qq.

169 3689 239 3750 dnm
254 3689 325 3750 haec
335 3688 460 3769 taliaque
471 3690 626 3762 iactamus,
643 3689 788 3750 inhorruit
799 3706 880 3749 mare
895 3688 1047 3766 nubesque
1061 3685 1190 3768 undique
1200 3693 1260 3753 114

84 3773 225 3835 adductae
240 3773 364 3835 obrucre
378 3775 505 3835 tenebris
522 3775 608 3836 diem.
640 3775 810 3835 discurrunt
824 3782 928 3835 nautae
940 3774 975 3834 ad
989 3773 1083 3834 officia
1095 3773 1189 3852 trepi-

82 3858 184 3920 dantes
199 3859 319 3939 selaqne
334 3861 500 3939 tempestati
516 3859 690 3920 subducunt.
722 3860 773 3919 sed
789 3876 844 3918 nec
860 3867 955 3919 certus
968 3860 1073 3920 lluctns
1085 3867 1189 3919 ventus

82 3943 246 4024 impulerat,
260 3963 316 4006 nec
330 3964 388 4024 quo
405 3945 561 4006 destinaret
577 3964 706 4015 cursum,
723 3943 899 4022 gubernator
914 3944 1032 4004 sciebat,
1063 3943 1189 4004 Siciliam
1263 4019 1264 4022 Ἴ

82 4031 173 4093 modo
185 4037 289 4092 ventus
301 4030 393 4106 dabat,
406 4029 577 4110 saepissime
591 4031 629 4108 [in
643 4032 735 4107 oram]
749 4027 839 4091 Italici
851 4028 945 4090 litoris
958 4028 1054 4108 aquilo
1067 4046 1190 4108 posses-

957 4127 990 4179 5*
