2646 4710
563 364 704 418 SA'l'lllllll

181 521 398 599 thesaurosque
412 516 514 596 rapis?
543 520 639 581 nescis
654 527 686 581 tn
693 520 832 616 ,blegne
847 521 922 580 tueri

180 606 330 669 Romanas
345 601 450 667 arces?
478 605 634 682 Epidamni
649 605 765 665 moenia
780 622 886 702 quaeve

182 689 464 769 Thessalicosque
441 708 524 750 smus
539 691 669 750 hnmano
686 690 829 768 sanguine
841 681 971 792 Μηςυθ.υ

129 776 290 839 lactum
305 783 350 837 est
363 775 394 836 in
408 775 494 836 terris
500 774 660 854 ,quiequid
675 775 825 837 Discordia
840 765 935 836 inssit’
1120 789 1168 841 ²95

624 871 644 913 e

165 965 233 1011 cnm
254 947 325 1007 haec
343 945 507 1024 Eumolpos
526 945 636 1024 ingenti
656 944 831 1006 volubilitate
849 945 1005 1006 verborum
1028 945 1186 1017 ellnvlisset,

79 1031 201 1095 modern
227 1030 355 1092 Crotona
381 1030 564 1091 intravimus.
607 1031 654 1092 ubi
680 1030 796 1110 quidem
829 1050 917 1110 parvo
945 1030 1112 1091 deversorio
1140 1049 1184 1090 re-

79 1117 162 1188 lecti,
184 1124 305 1196 postero
325 1115 372 1177 die
390 1115 541 1195 anrplioris
556 1116 691 1177 fortunae
706 1117 828 1177 domum
845 1122 1016 1194 quaerentes
1033 1115 1187 1176 incidimus

78 1202 110 1265 in
126 1201 244 1265 turham
260 1200 492 1280 heredipetarum
514 1201 742 1274 sciscitantium,
762 1201 840 1280 qnod
860 1219 952 1279 genus
968 1200 1122 1262 hominnm
1138 1208 1189 1262 ant

79 1287 160 1351 unde
174 1286 348 1349 veniremus.
378 1305 412 1347 ex
429 1286 608 1365 praescripto
624 1306 693 1365 ergo
710 1286 823 1347 consilii
839 1286 1006 1347 communis
1018 1294 1188 1364 exaggerata

80 1372 237 1437 verborum
254 1371 443 1444 volubilitate,
465 1372 544 1432 unde
562 1380 611 1432 ant
625 1373 674 1451 qui
690 1390 831 1442 essemus,
849 1373 924 1432 baud
941 1371 1028 1432 dubie
1044 1370 1188 1432 credenti·

80 1459 138 1523 hus
158 1456 358 1519 indicavimus.
403 1457 453 1535 qni
474 1456 570 1518 statim
594 1477 666 1536 opes
683 1475 751 1519 snas
768 1475 886 1517 summo
902 1474 969 1518 cnm
985 1456 1143 1518 certamine
1158 1456 1188 1517 in

80 1543 260 1622 Eumolpum
272 1549 484 1621 congesserunt

167 1713 297 1777 certatim
314 1731 418 1775 omnes
433 1712 615 1792 heredipetae
629 1713 802 1775 muneribus
817 1712 937 1791 gratiam
954 1712 1090 1792 Eumolpi
1106 1711 1188 1772 solli-

81 1800 172 1863 citant
884 1834 886 1839 >

625 1897 645 1938 e

167 1969 239 2031 dum
254 1968 326 2029 baec
342 1985 448 2046 magno
462 1976 596 2046 tempore
611 1968 738 2030 Crotone
752 1968 886 2044 aguntur]
904 1974 933 2027 et
947 1966 1110 2045 Eumolpus
1123 1965 1187 2028 leli·
1200 1967 1258 2028 125

82 2053 168 2117 eine
195 2053 300 2133 plenus
320 2053 426 2132 prioris
446 2053 583 2114 fortunae
602 2061 684 2113 esset
702 2052 809 2113 oblitus
831 2059 938 2113 statum
959 2052 1047 2124 adeo,
1074 2059 1107 2112 nt
1125 2052 1188 2114 suis

81 2139 216 2211 iactaret,
232 2137 379 2199 neminem
395 2138 503 2215 gratiae
518 2157 587 2200 snae
601 2138 641 2199 ihi
657 2155 746 2216 posse
761 2137 898 2198 resistere
912 2138 1090 2217 impuneque
1105 2156 1187 2209 snos,

83 2222 108 2287 si
128 2223 200 2303 qnid
220 2223 412 2302 deliquissent
426 2223 455 2284 in
470 2242 502 2284 ea
519 2222 605 2294 urbe,
627 2223 767 2283 beneficio
783 2221 944 2285 amicornm
960 2225 1080 2285 laturos.
1112 2230 1188 2284 cete-

83 2327 150 2371 rum
167 2327 237 2388 ege,
258 2309 310 2370 etsi
326 2307 457 2388 quotidie
473 2307 564 2386 magis
581 2308 732 2388 magisque
747 2307 994 2387 superfluentibus
1009 2309 1095 2371 honis
1111 2308 1189 2388 sagi-

83 2400 185 2456 natum
206 2412 315 2474 corpus
334 2394 518 2472 impleveram
541 2394 736 2473 putabamque
756 2413 772 2455 a
792 2395 924 2456 custodia
945 2393 1002 2454 mei
1027 2393 1190 2455 removisse

84 2479 195 2541 vultum
210 2479 381 2552 Fortunam,
396 2487 494 2540 temen
510 2480 626 2581 saepius
641 2487 699 2539 tarn
716 2479 956 2539 consuetudinem
969 2497 1065 2540 meam
1079 2479 1189 2555 cogita-

83 2564 151 2626 bam
171 2580 259 2660 quam
276 2583 422 2634 caussam,
443 2571 472 2624 et
483 2555 579 2643 ‘qnid’
593 2553 725 2624 aiebam‘
733 2564 757 2624 si
774 2563 892 2624 callidus
908 2571 1039 2642 captator
1054 2563 1189 2643 explora·

81 2657 180 2711 torem
199 2648 231 2710 in
249 2648 374 2711 Africam
395 2649 507 2710 miserit
525 2649 768 2729 mendaciumque
788 2648 1011 2729 deprehenderit
1031 2656 1115 2710 nostr
1117 2645 1190 2709 rami

83 2733 199 2814 quid,
174 2752 200 2794 ει
211 2734 298 2796 ellam
311 2733 528 2795 mercennarius
539 2734 693 2813 [Eumolpi]
703 2735 848 2812 praesenti
859 2734 946 2794 felicit
947 2742 993 2794 ate
1004 2734 1099 2794 lassus
1112 2733 1189 2793 indi·

83 2818 160 2882 cium
180 2820 216 2880 ad
238 2819 347 2881 amicos
370 2819 502 2880 detulerit
520 2826 670 2897 totamque
688 2818 828 2880 fallaciam
856 2818 996 2880 invidiosa
1020 2819 1121 2898 prodit
1109 2819 1189 2880 tione

84 2901 250 2966 detexerit?
284 2923 390 2984 nempe
420 2923 522 2965 rursus
553 2903 723 2983 fugiendum
750 2903 804 2965 erit
829 2912 857 2965 et
882 2905 999 2965 tandem
1027 2911 1189 2984 expugnata

83 2997 240 3069 paupertas
255 3008 328 3051 nova
345 2990 531 3051 mendicitate
547 2989 715 3051 revocanda.
746 2989 784 3050 dii
801 2989 935 3069 deaeque,
953 3009 1039 3069 qnam
1055 2991 1129 3050 male
1145 2997 1190 3051 est

83 3083 164 3135 ertra
177 3074 270 3175 legem
286 3074 464 3137 viventibus:
480 3075 616 3155 quicquid
632 3083 809 3149 meruerunt,
826 3094 944 3154 semper
958 3066 1119 3157 expectant’

625 3176 645 3218 e

166 3237 248 3323 ‘quin
268 3245 347 3306 nosti
339 3264 502 3306 rvenerem
524 3252 617 3316 tuam,
639 3244 805 3324 superbiam
828 3254 927 3324 captas
949 3248 1107 3326 vendisque
1126 3248 1259 3311 arn-126

85 3329 202 3408 plexus,
221 3347 283 3390 non
303 3331 486 3391 commodas.
517 3349 575 3409 qno
596 3330 674 3389 enirn
696 3337 829 3408 spectant
847 3332 937 3394 llexae
951 3332 1064 3412 pectine
1081 3349 1189 3403 comae,

84 3432 143 3493 quo
157 3413 246 3475 facies
262 3414 454 3476 medicamine
469 3415 562 3476 attrita
578 3423 607 3475 et
622 3415 774 3476 nemorum
787 3434 903 3495 quoqne
915 3417 1011 3477 mollis
1023 3415 1187 3494 petulantia,

86 3517 143 3578 qno
166 3498 299 3561 incessus
319 3500 390 3560 scite
410 3501 593 3578 compositus
614 3509 643 3562 et
660 3520 698 3561 ne
720 3501 835 3580 vestigia
852 3501 969 3580 quidem
986 3501 1094 3579 pedum
1110 3508 1190 3560 extra

85 3602 254 3645 mensnram
271 3585 442 3656 aberrantia,
459 3585 515 3646 nisi
531 3586 609 3664 qnod
624 3587 751 3647 formam
768 3586 931 3665 prostituis,
949 3593 981 3646 nt
995 3581 1126 3646 vendas?
1146 3586 1189 3646 vi-

85 3669 137 3729 des
153 3687 213 3732 me:
229 3687 284 3732 nec
296 3671 413 3749 auguria
426 3671 495 3731 novi
508 3689 563 3732 nec
574 3672 846 3733 mathematicorum
861 3672 969 3732 caelum
983 3689 1084 3733 curere
1097 3671 1187 3742 soleo,

84 3774 118 3815 err
132 3754 258 3818 vultibus
273 3763 370 3816 tamen
387 3757 539 3817 bominum
555 3775 653 3817 mores
669 3756 786 3833 colligo,
808 3764 916 3818 etcum
933 3758 1107 3836 spatiantem
1123 3755 1190 3829 vidi,

84 3840 152 3917 quid
173 3841 281 3918 cogitet
299 3841 370 3901 scio.
401 3841 462 3901 sive
481 3860 550 3919 ergo
570 3842 657 3902 nobis
672 3841 773 3902 vendis
787 3842 865 3919 quod
882 3850 960 3921 peto,
978 3849 1121 3903 mercator
1136 3859 1189 3918 pa·

83 3933 163 3987 ratus
179 3933 238 3995 est,
254 3926 315 3988 sive
330 3926 407 4005 quod
424 3927 582 3987 humanius
598 3935 651 3999 est,
667 3927 853 3994 commodas,
873 3926 956 3987 effice
971 3935 1003 3988 ut
1017 3925 1190 3988 heneficium

84 4008 255 4074 debeamus.
287 4029 356 4074 nam
372 4012 452 4092 quod
468 4030 585 4074 servum
600 4020 628 4074 te
644 4020 673 4074 et
687 4012 825 4074 humilem
837 4011 946 4086 fatens,
962 4012 1097 4074 accendis
1110 4011 1189 4074 desi-
