2646 4710
516 384 659 438 Pnrnrnn

537 540 640 601 LXIIII

181 643 305 718 Quidam
317 641 435 703 mollior
450 643 563 703 anseris
579 643 703 704 medulla

178 729 306 790 furatum
319 727 397 788 venit
410 729 468 788 huc
482 747 583 789 amore
599 748 721 808 poenae:

180 815 297 875 furetur
311 813 378 873 licet
392 832 500 892 usquc,
517 832 578 874 non
594 814 708 875 videbo.

555 985 629 1045 LXV

183 1087 236 1149 Hic
250 1087 315 1159 tibi,
332 1087 379 1166 qui
396 1093 494 1146 rostro
512 1088 671 1149 crescentia
686 1088 742 1148 lilia
758 1087 875 1160 mersit,

229 1172 357 1233 caeditur
372 1191 387 1231 e
403 1173 499 1250 tepida
514 1173 629 1233 victIma
646 1192 755 1252 porcus
771 1175 850 1234 bara.

184 1265 331 1318 notamen
348 1258 512 1316 exanimum
529 1258 615 1318 facias
631 1278 721 1337 pecus
739 1277 839 1332 omne,
854 1257 969 1337 Priape,

226 1342 304 1403 horti
321 1341 372 1416 sit,
387 1343 490 1415 facias,
506 1343 588 1403 ianua
606 1344 700 1403 clausa
716 1344 767 1404 tui.

552 1514 638 1575 LXVI

184 1618 245 1690 Tu,
261 1635 333 1695 quae
349 1633 385 1676 nc
401 1617 498 1676 videas
515 1623 614 1676 notam
631 1616 754 1689 virilem,

183 1703 252 1763 hiuc
266 1701 416 1773 averterIs,
434 1709 464 1761 ut
479 1701 560 1761 decet
574 1701 725 1780 pudicam:

182 1787 321 1849 nimirum
336 1787 393 1847 nisi
409 1787 486 1866 quod
503 1786 589 1847 times
603 1786 714 1858 videre,

180 1873 256 1933 intra
272 1873 382 1933 viscera
399 1872 504 1933 habere
520 1871 714 1951 concupiscis.

544 2042 643 2103 LXVII

185 2147 346 2227 Penelopes
362 2147 486 2226 primam
503 2145 593 2206 Ilidus
608 2146 655 2206 fac
669 2145 763 2224 prima
781 2152 918 2224 sequatur

229 2241 256 2293 et
270 2233 395 2311 primam
412 2232 512 2293 Cadmi
528 2231 633 2310 syllaba
648 2233 743 2309 prima
758 2231 856 2302 Remi,

186 2318 322 2396 quodque
338 2318 370 2377 fit
385 2337 418 2377 er
436 2316 504 2389 illis,
520 2317 590 2378 mihi
606 2324 638 2376 tu
654 2317 816 2395 deprensus
832 2317 862 2376 in
877 2317 978 2388 horto,

227 2403 290 2476 fur,
307 2402 402 2463 dabis:
420 2403 474 2462 bac
489 2419 583 2481 poena
600 2402 682 2480 culpa
699 2402 804 2462 luenda
818 2407 867 2461 tua
883 2407 936 2460 est.

539 2572 653 2632 LXVIII

187 2675 325 2738 Rusticus
341 2674 458 2735 indocte
474 2673 498 2734 si
514 2674 582 2752 quid
598 2674 706 2734 dixisse
717 2673 849 2746 videbor,

230 2761 264 2820 da
277 2760 402 2821 veniam:
419 2760 509 2820 libros
524 2777 586 2820 non
602 2760 681 2838 lego,
697 2778 786 2837 poma
801 2760 874 2836 lego.

188 2846 239 2906 sed
255 2845 336 2906 rudis
352 2845 399 2905 bic
414 2845 565 2905 domiuum
582 2844 688 2905 totiens
705 2844 806 2904 audIre
820 2844 960 2922 legentem

231 2948 321 3008 cogor
336 2930 524 2990 Homeriacas
541 2929 701 3009 edidicique
716 2938 812 2990 notas

188 3016 233 3076 ille
245 3024 341 3088 vocat,
358 3016 435 3094 quod
453 3034 509 3075 nos
525 3008 648 3097 ψωλόν,
664 3009 831 3096 ψολόεντα
845 3008 1013 3096 κεραυνόνε
1068 3031 1082 3080 5

231 3099 260 3160 id
276 3102 353 3178 quod
370 3118 425 3160 nos
443 3102 554 3174 culum,
571 3094 703 3161 κουλεόν
718 3101 764 3160 ille
780 3108 871 3160 vocat.

189 3179 388 3268 σμερδαλέον
404 3194 479 3246 certe
495 3186 550 3246 nisi
567 3205 612 3245 ros
629 3203 690 3246 non
706 3185 816 3245 munda
833 3193 965 3258 uocatur,

232 3279 260 3330 et
274 3271 449 3348 pediconum
466 3271 595 3331 mentula
612 3270 754 3330 merdalea
771 3277 823 3330 est.

190 3353 282 3434 quid‘?
298 3356 355 3415 nisi
370 3356 512 3416 Taenario
529 3356 686 3433 placuisset
702 3356 806 3416 Troica
823 3373 919 3416 cunno

230 3441 372 3511 mentula,
390 3442 467 3519 quod
485 3449 614 3513 caneret,
630 3459 692 3500 non
707 3440 856 3501 habuisset
871 3459 957 3520 opus.
1053 3456 1083 3505 10

189 3525 314 3584 mentula
331 3525 497 3585 Tantalidae
512 3527 585 3586 bene
602 3527 625 3585 si
642 3533 781 3586 nonnata
796 3525 931 3597 fuisset,-

230 3610 283 3682 nil,
300 3611 399 3669 senior
414 3611 540 3690 Chryses
556 3612 634 3689 quod
651 3618 832 3689 quereretur,
849 3619 918 3671 erat.

188 3694 257 3754 baec
272 3697 370 3755 eadem
387 3696 498 3755 socium
514 3704 612 3756 tenera
628 3696 761 3774 spoliarit
775 3696 881 3768 amica,

154 3839 158 3843 .
232 3798 360 3859 quaeque
376 3788 437 3840 crat
452 3781 606 3853 Aeacidae,
623 3782 723 3842 maluit
738 3801 802 3842 esse
818 3800 910 3843 suam.

189 3863 235 3924 ille
250 3865 462 3925 Pelethroniam
480 3867 583 3927 cecinit
598 3865 759 3927 miserabile
774 3885 890 3927 carmen
1053 3880 1082 3929 15

232 3950 267 4009 ad
283 3951 435 4022 citharam,
452 3951 559 4012 cithara
576 3952 689 4012 tensior
703 3953 767 4030 ipse
784 3970 845 4011 sua.

190 4033 297 4101 nobdis
313 4035 381 4096 binc
396 4043 461 4106 nata
477 4053 583 4115 nempe
598 4037 700 4118 incipit
715 4036 778 4098 Ilias
793 4037 850 4108 ira,
