2646 4710
140 325 179 387 16
610 324 765 376 rsreonn

136 479 270 559 gligentia
289 477 462 559 nequissimi
477 479 561 539 servi.
591 479 763 541 vestimenta
779 499 842 541 mea
858 481 1001 542 cubitoria
1016 481 1154 561 perdidit,
1172 502 1252 562 quaa

135 566 208 626 mihi
223 565 310 626 natali
325 584 391 626 meo
407 564 496 625 cliens
513 565 630 643 quidam
646 567 811 642 donaverat,
828 567 913 647 Tyria
929 567 990 628 sine
1002 568 1100 641 dubio,
1117 569 1172 629 sed
1190 569 1251 631 iam

137 651 228 712 semel
242 651 311 712 lota.
341 650 410 730 quid
426 667 495 727 crgo
511 647 577 711 est?
604 651 683 712 dono
699 652 782 712 vobis
799 644 885 713 enm?

79 740 117 802 31
222 737 338 816 obligati
359 745 418 797 mm
439 736 540 814 grandi
555 736 696 798 beneficio
713 756 780 798 cnm
795 738 987 799 intrassemus
1002 738 1177 814 triclinium,
1195 760 1250 803 oc·

134 823 227 884 currit
241 823 327 884 nobis
342 823 389 882 ille
403 821 479 881 idem
496 840 607 895 servus,
622 841 677 903 pro
695 842 753 902 quo
769 843 990 902 rogaveramus,
1011 832 1040 884 ct
1055 826 1249 904 stupentibus

134 909 315 988 spississima
330 906 408 968 basia
424 907 545 1011 impegit
551 909 661 1009 gratias
672 926 762 986 agens
774 909 948 971 humanitati
958 917 1087 972 nostrae.
1111 912 1148 972 ad
1161 931 1249 974 sum-

134 1014 213 1054 mam
231 984 348 1054 ‘statim
370 992 468 1053 scietis
500 994 542 1054 ait
568 994 613 1054 cui
630 993 766 1055 dederitis
782 995 965 1057 beneficium.
997 997 1098 1057 vinum
1114 997 1250 1060 domini-

134 1098 201 1141 cum
218 1078 423 1139 ministratoris
439 1078 529 1157 gratia
545 1071 602 1139 est'

675 1175 697 1215 e

218 1250 336 1310 tandem
355 1268 425 1328 ergo
446 1248 647 1311 discubuimus
668 1251 766 1328 pueris
782 1252 986 1313 Alexandrinis
1006 1271 1110 1332 aquam
1132 1253 1164 1314 in
1180 1273 1248 1316 ma-

133 1353 190 1396 nus
206 1337 334 1396 nivatam
349 1335 570 1397 infundentibus
587 1336 708 1416 aliisque
723 1337 944 1416 insequentibus
956 1339 991 1398 ad
1003 1339 1093 1417 pedes
1106 1358 1140 1399 ac
1151 1359 1246 1418 paro-

132 1422 235 1501 nychia
250 1440 316 1482 cum
332 1422 441 1500 ingenti
459 1421 616 1483 subtilitate
630 1422 807 1483 tollentibus
833 1443 867 1484 ac
882 1443 918 1484 ne
932 1424 962 1484 in
978 1425 1035 1485 hoc
1050 1425 1167 1503 quidem
1182 1434 1245 1488 tam

132 1507 259 1568 molesto
271 1508 404 1569 tacebant
420 1507 528 1581 officio,
544 1507 595 1567 sed
609 1506 701 1567 obiter
713 1508 877 1569 cantabant.
901 1528 954 1587 ego
967 1511 1091 1588 experiri
1104 1511 1193 1584 volui,
1207 1530 1246 1574 an

133 1600 194 1653 tota
208 1593 315 1653 familia
336 1599 471 1654 canmret.
500 1592 596 1671 itaque
610 1593 762 1671 potionem
784 1595 923 1672 poposci3
942 1596 1147 1672 paratissimus
1169 1616 1247 1675 puer

132 1696 193 1738 non
216 1677 313 1738 minus
333 1697 379 1738 me
400 1677 483 1738 acido
504 1677 617 1738 cantico
637 1679 758 1758 excepit.
794 1686 823 1739 et
842 1680 974 1758 quisquis
995 1680 1100 1759 aliquid
1119 1690 1244 1760 rogatus

132 1771 193 1824 erat
204 1771 236 1823 ut
251 1763 331 1823 daret
343 1808 421 1824 .....
434 1763 607 1843 pantomimi
620 1763 752 1837 chorum,
767 1781 827 1825 non
840 1766 930 1844 patris
944 1766 1067 1826 familiae
1082 1767 1244 1830 triclinium

133 1850 274 1910 crederes.
304 1848 386 1910 allata
406 1856 451 1909 est
471 1849 588 1911 tandem
609 1850 734 1927 gustatio
756 1849 837 1910 valde
855 1851 947 1924 lauta3
967 1869 1036 1912 nam
1056 1853 1113 1913 iam
1135 1872 1244 1915 omnes

132 1935 340 1996 discubuerant
359 1942 474 2014 praeter
492 1936 590 2014 ipsum
608 1934 870 2008 Trimalchionem,
892 1937 937 1998 cui
957 1937 1040 1998 locus
1059 1955 1139 1996 novo
1156 1958 1245 2000 more

131 2021 245 2101 primus
262 2020 439 2082 servabatur.
471 2029 598 2082 ceterum
615 2021 690 2081 inter
701 2021 925 2099 promulsidaria
940 2023 1045 2083 asellus
1061 2030 1123 2083 erat
1134 2023 1243 2086 Corin-

132 2107 210 2169 thius
226 2125 292 2168 cum
308 2106 434 2167 bisaccio
452 2107 582 2185 posituS,
599 2107 647 2185 qui
663 2106 787 2167 habebat
803 2107 891 2168 olivas
909 2108 936 2166 in
953 2108 1038 2168 altera
1055 2116 1137 2186 perte
1152 2110 1244 2186 albas,

132 2191 161 2254 in
178 2194 264 2254 altera
279 2191 384 2269 nigras.
414 2190 551 2268 tegebant
565 2192 686 2251 asellum
703 2192 776 2252 duae
791 2192 899 2264 lances,
915 2192 945 2251 in
960 2212 1083 2271 quarum
1099 2196 1244 2274 margini-

132 2278 186 2338 bus
202 2294 312 2337 nomen
328 2275 552 2337 Trimalchionis
567 2275 740 2354 inscriptum
758 2284 820 2336 crat
834 2283 862 2336 et
877 2277 987 2354 argenti
1002 2279 1130 2356 pondus.
1161 2299 1243 2359 pon-

68 2409 71 2412 >
131 2363 209 2424 ticoli
231 2363 316 2423 etiam
335 2359 521 2422 ferruminati
541 2361 723 2421 sustinebant
741 2360 827 2438 glires
848 2362 931 2422 melle
946 2381 979 2422 ac
994 2381 1137 2442 papavere
1153 2384 1242 2445 spar-

133 2467 192 2509 sos.
222 2449 340 2510 fuerunt
359 2453 387 2507 et
402 2446 544 2507 tomacula
561 2464 651 2525 super
665 2445 830 2506 craticulam
845 2455 1012 2524 argenteam
1027 2449 1166 2511 ferventia
1182 2471 1242 2532 po-

133 2535 197 2607 sita,
214 2542 242 2594 et
257 2533 331 2594 infra
346 2532 509 2593 craticulam
527 2532 751 2611 Syriacapruna
768 2551 834 2592 cum
852 2533 949 2610 granis
964 2533 1067 2594 Punici
1082 2535 1159 2596 mali.

76 2622 115 2684 32
183 2593 248 2698 sin
269 2617 314 2680 his
331 2637 446 2679 eramus
466 2617 598 2691 lautitiis,
620 2636 687 2678 cum
706 2617 770 2696 ipse
785 2617 961 2679 Trimalchio
977 2621 1013 2679 ad
1030 2621 1240 2700 symphoniam

132 2706 234 2767 allatus
250 2713 295 2767 est
310 2704 484 2784 positusque
499 2705 573 2764 inter
588 2703 737 2764 cervicalia
753 2703 949 2765 minutissima
964 2706 1109 2784 expressit
1123 2706 1241 2785 impru-

131 2791 268 2852 dentibus
289 2792 390 2851 risum.
424 2789 511 2869 pallio
538 2789 617 2850 enim
644 2790 780 2850 coccineo
807 2790 943 2851 adrasum
969 2790 1126 2852 incluserat
1151 2802 1243 2872 caput

131 2876 264 2954 circaque
280 2883 413 2938 oneratas
425 2882 504 2935 veste
519 2875 644 2936 cervices
659 2875 828 2935 laticlaviam
844 2875 1005 2935 immiserat
1019 2895 1158 2954 mappam
1170 2879 1241 2939 lim-

129 2960 201 3022 briis
217 2960 285 3023 hinc
299 2968 384 3039 atque
399 2961 476 3022 illinc
491 2959 695 3039 pendentibus.
725 2958 848 3020 habebat
862 2959 948 3020 etiam
964 2959 994 3018 in
1010 2960 1132 3021 minimo
1146 2963 1240 3041 digito

131 3047 266 3108 sinistrae
286 3064 390 3108 manus
410 3046 528 3106 anulum
551 3045 688 3123 grandem
709 3043 912 3116 subauratum,
935 3053 1065 3105 extremo
1082 3064 1150 3107 vero
1166 3050 1240 3111 arti-

131 3134 195 3194 culo
218 3131 298 3210 digiti
320 3131 468 3211 sequentis
488 3130 648 3202 minorem,
672 3137 704 3190 ut
719 3129 790 3190 mihi
811 3129 974 3204 videbatur,
994 3138 1088 3192 totum
1105 3151 1239 3210 aureum,

130 3220 183 3279 sed
209 3217 293 3297 plane
317 3218 418 3279 ferreis
442 3216 529 3277 voluti
555 3215 644 3278 stellis
666 3214 900 3276 ferruminatum.
939 3223 967 3276 et
988 3233 1026 3276 ne
1047 3217 1100 3278 has
1122 3226 1239 3281 tantum

131 3303 299 3366 ostenderet
314 3302 441 3376 divitias,
464 3303 596 3364 dextrum
614 3301 732 3362 nudavit
745 3301 882 3362 lacertum
899 3300 1008 3362 armilla
1024 3321 1111 3364 aurea
1127 3305 1239 3367 cultum

74 3387 113 3450 33
130 3398 158 3450 ct
184 3388 290 3451 eboreo
312 3388 419 3451 circulo
441 3386 548 3450 lamina
575 3386 746 3467 splendente
772 3404 924 3447 conexum.
960 3394 993 3448 ut
1016 3387 1121 3449 deinde
1146 3390 1238 3468 pinna

130 3484 267 3553 argentea
282 3475 382 3537 dentes
398 3472 535 3554 lacrioclit,
547 3462 660 3533 ‘uitrici‘
675 3470 769 3551 inqrrit
780 3462 925 3534 ‘errandum
941 3471 1012 3533 mihi
1028 3492 1115 3535 suave
1130 3477 1238 3537 eratin

129 3560 285 3624 triclinium
313 3559 424 3632 venire,
452 3557 503 3619 sod
531 3574 567 3617 rto
589 3555 696 3619 (liutius
718 3554 884 3619 alisontivos
907 3575 1006 3619 cnorae
1026 3559 1108 3622 vobis
1129 3579 1237 3634 essem,

130 3664 248 3708 ortrncm
270 3645 445 3726 voluptatum
468 3641 539 3704 ntihi
561 3643 669 3719 ricgrtvi.
707 3642 880 3723 pmmittetis
902 3653 999 3706 temen
1018 3645 1094 3707 liniri
1119 3639 1238 3708 lusum.³

130 3730 304 3811 soqrrolutnr
320 3746 392 3811 istim
407 3746 473 3790 cirin
490 3726 585 3791 tnlndn
602 3726 796 3790 concinnantes
809 3737 838 3790 ot
849 3729 1021 3808 crystallinis
1033 3733 1164 3806 tesseris,
1178 3751 1238 3795 no*

129 3816 241 3898 tnviqtrc
258 3834 318 3879 runt
336 3813 467 3877 virtutium
484 3813 728 3876 delicatissimam.
760 3832 813 3894 pro
830 3813 945 3877 calcidis
960 3815 1037 3878 enim
1054 3818 1125 3879 albis
1141 3838 1175 3879 ac
1189 3820 1236 3881 ni-

129 3903 188 3983 gris
201 3921 307 3965 nnrnos
320 3909 532 3982 argentumque
544 3898 665 3962 habehat
675 3898 821 3962 «terracin.
838 3900 952 3963 interim
962 3903 1031 3964 dum
1044 3903 1089 3965 ilie
1102 3904 1236 3966 omnium

128 3998 273 4053 textorum
300 3986 376 4052 dicta
403 3986 476 4050 inter·
503 3984 600 4050 lurum
628 3984 789 4060 consumit,
822 3986 1007 4067 gustantibus
1032 3989 1128 4051 adhuc
1150 3990 1237 4054 nobis
