2646 4710
552 368 702 424 ceuulua

593 611 657 672 LXI

272 730 348 804 Quid
362 730 471 790 frustra
487 729 633 809 quereris,
650 728 768 803 colone,
784 748 914 804 meeum,

271 816 351 895 qnod
367 814 515 894 quondam
532 815 606 876 bene
620 816 769 876 fructuosa
784 816 879 878 malus

271 900 420 962 autumnis
436 899 541 960 sterilis
557 900 672 962 duobus
687 898 824 962 adstem?

271 1004 334 1048 non
348 1004 396 1046 me
412 993 595 1065 praegravat,
611 994 645 1047 ut
658 994 759 1064 putas,
776 993 927 1060 senectus,

272 1089 327 1133 neo
341 1089 407 1132 sum
424 1071 565 1150 grandine
581 1070 828 1144 verberandum,

270 1175 325 1218 nec
339 1175 468 1235 gemmas
484 1157 574 1216 modo
590 1156 719 1234 germine
734 1164 872 1218 exeuntes

272 1242 330 1304 seri
345 1241 463 1321 frigoris
478 1242 617 1303 ustulavit
631 1261 712 1316 aura,

273 1346 328 1389 nec
338 1327 413 1388 venti
429 1327 577 1406 pluviaeve
592 1327 755 1401 siccitasve‚

273 1413 351 1492 quod
368 1413 404 1473 de
421 1431 453 1472 se
469 1431 617 1491 quererer,
632 1413 742 1474 malum
757 1412 914 1490 dederunt;

274 1516 335 1560 non
352 1505 472 1559 sturnus
488 1499 560 1559 mihi
576 1498 745 1577 graculnsve
760 1504 862 1578 raptor

272 1590 323 1644 ant
337 1583 437 1643 cornix
454 1600 527 1644 anus
542 1591 592 1644 aut
607 1602 735 1663 aquosus
751 1601 836 1644 anser

272 1676 322 1729 aut
337 1686 443 1728 corvus
459 1668 561 1729 nocuit
575 1668 756 1730 siticulosus:

273 1753 324 1814 sed
341 1753 419 1832 quod
435 1753 563 1814 carmina
578 1752 699 1832 pessimi
714 1760 818 1834 poetae

271 1838 361 1900 ramis
377 1838 509 1900 sustineo
525 1838 690 1900 laboriosis.

588 2043 666 2105 LXII

273 2164 374 2225 Securi
390 2163 526 2237 dormite,
542 2181 642 2225 canes:
660 2163 805 2226 custodiet
818 2165 937 2227 bortum

316 2268 382 2309 eum
399 2248 453 2309 sibi
469 2249 570 2310 dilecta
583 2249 676 2310 strias
692 2250 827 2328 Erigone.

576 2448 668 2512 LXIII
677 2471 679 2474 ·

274 2573 382 2633 Parum
399 2580 444 2633 est
455 2571 540 2646 mibi,
556 2572 635 2651 qnod
651 2570 698 2632 bio
713 2570 762 2631 fixi
778 2570 877 2631 sedem

273 2665 375 2736 agente
390 2664 468 2718 terra
483 2675 536 2737 per
551 2655 710 2717 caniculam
725 2656 814 2717 rimas

272 2742 452 2804 siticulosum
469 2742 649 2803 sustinemus
665 2748 813 2802 aestatem.

272 2846 390 2907 parum,
408 2828 486 2906 qnod
502 2828 578 2888 imos
593 2826 742 2905 perllunnt
756 2825 838 2886 sinus
854 2825 963 2887 imbres

191 2931 201 2943 ’
274 2921 304 2973 et
317 2915 346 2973 in
362 2913 481 2991 capillos
497 2911 653 2991 grandines
668 2912 774 2972 eadunt
789 2918 909 2972 nostros

273 2997 403 3076 rigetque
418 2996 492 3058 duro
509 2996 597 3057 barba
613 2999 707 3056 vincta
723 2995 864 3074 crystallo.

273 3101 392 3162 parum,
408 3082 486 3161 quod
502 3089 563 3142 aeta
579 3081 634 3142 sub
650 3078 799 3141 laboribus
814 3080 878 3140 luce

275 3187 373 3247 parem
391 3167 491 3227 dicbus
506 3166 626 3247 pervigil
641 3165 726 3227 traho
742 3171 869 3226 noctem.

273 3254 332 3315 huc
347 3253 434 3324 adde,
451 3253 529 3331 quod
546 3271 592 3313 me
607 3249 766 3313 terribilem
780 3251 858 3310 fuste

276 3356 380 3399 manus
397 3338 460 3398 sine
476 3346 536 3399 arte
550 3337 674 3398 rusticae
690 3336 872 3405 dolaverunt,

273 3424 406 3502 interque
421 3431 541 3484 cunctos
558 3423 692 3483 ultimum
709 3422 782 3481 deos
798 3438 909 3481 numen

275 3509 489 3570 cucurbitarum
506 3508 618 3586 ligneus
633 3524 724 3568 vocor
739 3512 849 3566 custos.

274 3594 384 3656 accedit
399 3593 463 3653 istis
479 3592 676 3672 impudentiae
692 3591 822 3667 signum,

275 3678 432 3739 libidmoso
448 3685 527 3739 tenta
543 3676 671 3756 pyramis
687 3693 786 3736 nervo.

276 3765 311 3824 ad
325 3764 400 3823 hanc
414 3764 508 3842 puella
522 3798 565 3807 —
580 3780 672 3842 paene
687 3777 795 3820 nomen
812 3759 903 3821 adieci
918 3794 959 3804 -

275 3848 349 3909 solet
363 3847 461 3910 venire
477 3866 542 3909 cum
560 3865 615 3908 suo
630 3848 779 3918 fututum,

276 3953 348 4013 quae
362 3941 407 3994 tot
421 3934 542 4013 figuras,
559 3939 632 4011 quot
646 3929 790 3992 Philaenis
806 3936 936 4002 enarrat,

275 4037 336 4082 non
350 4019 475 4081 inventis
490 4016 626 4100 pruriosa
641 4015 772 4078 discedit.
