<?xml version="1.0" encoding="UTF-8"?>
<!DOCTYPE html PUBLIC "-//W3C//DTD XHTML 1.0 Transitional//EN"
    "http://www.w3.org/TR/xhtml1/DTD/xhtml1-transitional.dtd">
<html xmlns="http://www.w3.org/1999/xhtml" xml:lang="en" lang="en">
 <head>
  <title>
</title>
<meta http-equiv="Content-Type" content="text/html;charset=utf-8" />
  <meta name='ocr-system' content='tesseract 3.04.00' />
  <meta name='ocr-capabilities' content='ocr_page ocr_carea ocr_par ocr_line ocrx_word'/>
</head>
<body>
  <div class='ocr_page' id='page_1' title='image "./petroniiarbitri00arbigoog_0020.png"; bbox 0 0 2646 4710; ppageno 0'>
   <div class='ocr_carea' id='block_1_1' title="bbox 567 409 1191 478">
    <p class='ocr_par' dir='ltr' id='par_1_1' title="bbox 567 409 1191 478">
     <span class='ocr_line' id='line_1_1' title="bbox 567 409 1191 478; baseline 0.003 -18"><span class='ocrx_word' id='word_1_1' title='bbox 567 409 710 462; x_wconf 75' lang='lat' dir='ltr'><strong>sirmia</strong></span> <span class='ocrx_word' id='word_1_2' title='bbox 1172 418 1191 478; x_wconf 87' lang='lat'>5</span> 
     </span>
    </p>
   </div>
   <div class='ocr_carea' id='block_1_2' title="bbox 167 564 1225 1330">
    <p class='ocr_par' dir='ltr' id='par_1_2' title="bbox 167 564 1225 1330">
     <span class='ocr_line' id='line_1_2' title="bbox 226 564 1123 636; baseline 0.012 -12"><span class='ocrx_word' id='word_1_3' title='bbox 226 564 296 625; x_wconf 87' lang='lat' dir='ltr'><strong>hinc</strong></span> <span class='ocrx_word' id='word_1_4' title='bbox 310 564 442 627; x_wconf 87' lang='lat' dir='ltr'><strong>Romana</strong></span> <span class='ocrx_word' id='word_1_5' title='bbox 457 582 562 626; x_wconf 92' lang='lat' dir='ltr'><strong>manus</strong></span> <span class='ocrx_word' id='word_1_6' title='bbox 578 564 760 627; x_wconf 90' lang='lat' dir='ltr'><strong>circumlluat</strong></span> <span class='ocrx_word' id='word_1_7' title='bbox 774 572 802 632; x_wconf 84' lang='lat' dir='ltr'><strong>et</strong></span> <span class='ocrx_word' id='word_1_8' title='bbox 816 567 907 628; x_wconf 92' lang='lat' dir='ltr'><strong>modo</strong></span> <span class='ocrx_word' id='word_1_9' title='bbox 923 567 1010 629; x_wconf 87' lang='lat' dir='ltr'><strong>Graio</strong></span> <span class='ocrx_word' id='word_1_10' title='bbox 1092 585 1123 636; x_wconf 83' lang='lat'><strong>15</strong></span> 
     </span>
     <span class='ocr_line' id='line_1_3' title="bbox 226 651 867 730; baseline 0.003 -20"><span class='ocrx_word' id='word_1_11' title='bbox 226 658 379 711; x_wconf 88' lang='lat' dir='ltr'><strong>exonerata</strong></span> <span class='ocrx_word' id='word_1_12' title='bbox 395 669 470 711; x_wconf 92' lang='lat' dir='ltr'><strong>sono</strong></span> <span class='ocrx_word' id='word_1_13' title='bbox 485 658 581 712; x_wconf 89' lang='lat' dir='ltr'><strong>mutet</strong></span> <span class='ocrx_word' id='word_1_14' title='bbox 596 651 706 711; x_wconf 87' lang='lat' dir='ltr'><strong>suilusa</strong></span> <span class='ocrx_word' id='word_1_15' title='bbox 721 670 867 730; x_wconf 88' lang='lat' dir='ltr'><strong>saporem.</strong></span> 
     </span>
     <span class='ocr_line' id='line_1_4' title="bbox 228 735 935 815; baseline 0.006 -21"><span class='ocrx_word' id='word_1_16' title='bbox 228 735 372 796; x_wconf 90' lang='lat' dir='ltr'><strong>interdum</strong></span> <span class='ocrx_word' id='word_1_17' title='bbox 390 736 531 797; x_wconf 89' lang='lat' dir='ltr'><strong>subducta</strong></span> <span class='ocrx_word' id='word_1_18' title='bbox 547 736 614 796; x_wconf 87' lang='lat' dir='ltr'><strong>foro</strong></span> <span class='ocrx_word' id='word_1_19' title='bbox 632 737 681 796; x_wconf 91' lang='lat' dir='ltr'><strong>det</strong></span> <span class='ocrx_word' id='word_1_20' title='bbox 696 737 800 815; x_wconf 90' lang='lat' dir='ltr'><strong>pagina</strong></span> <span class='ocrx_word' id='word_1_21' title='bbox 816 754 935 798; x_wconf 89' lang='lat' dir='ltr'><strong>cursum</strong></span> 
     </span>
     <span class='ocr_line' id='line_1_5' title="bbox 229 821 865 883; baseline 0.005 -3"><span class='ocrx_word' id='word_1_22' title='bbox 229 829 257 882; x_wconf 91' lang='lat' dir='ltr'><strong>et</strong></span> <span class='ocrx_word' id='word_1_23' title='bbox 271 821 389 881; x_wconf 89' lang='lat' dir='ltr'><strong>fortuna</strong></span> <span class='ocrx_word' id='word_1_24' title='bbox 405 829 491 883; x_wconf 89' lang='lat' dir='ltr'><strong>sonet</strong></span> <span class='ocrx_word' id='word_1_25' title='bbox 506 822 591 882; x_wconf 88' lang='lat' dir='ltr'><strong>celeri</strong></span> <span class='ocrx_word' id='word_1_26' title='bbox 607 821 742 882; x_wconf 88' lang='lat' dir='ltr'><strong>distincta</strong></span> <span class='ocrx_word' id='word_1_27' title='bbox 759 829 865 883; x_wconf 89' lang='lat' dir='ltr'><strong>meatu.</strong></span> 
     </span>
     <span class='ocr_line' id='line_1_6' title="bbox 227 906 932 985; baseline 0.004 -19"><span class='ocrx_word' id='word_1_28' title='bbox 227 906 296 967; x_wconf 89' lang='lat' dir='ltr'><strong>dent</strong></span> <span class='ocrx_word' id='word_1_29' title='bbox 311 907 410 985; x_wconf 86' lang='lat' dir='ltr'>epulas</span> <span class='ocrx_word' id='word_1_30' title='bbox 426 914 455 967; x_wconf 89' lang='lat' dir='ltr'><strong>et</strong></span> <span class='ocrx_word' id='word_1_31' title='bbox 470 907 544 967; x_wconf 88' lang='lat' dir='ltr'><strong>bella</strong></span> <span class='ocrx_word' id='word_1_32' title='bbox 558 907 632 968; x_wconf 92' lang='lat' dir='ltr'><strong>truci</strong></span> <span class='ocrx_word' id='word_1_33' title='bbox 648 916 809 969; x_wconf 88' lang='lat' dir='ltr'><strong>memorata</strong></span> <span class='ocrx_word' id='word_1_34' title='bbox 826 927 932 969; x_wconf 88' lang='lat' dir='ltr'><strong>canore</strong></span> 
     </span>
     <span class='ocr_line' id='line_1_7' title="bbox 226 991 1123 1071; baseline 0.01 -20"><span class='ocrx_word' id='word_1_35' title='bbox 226 992 404 1071; x_wconf 80' lang='lat' dir='ltr'>grandiaque</span> <span class='ocrx_word' id='word_1_36' title='bbox 418 991 554 1052; x_wconf 90' lang='lat' dir='ltr'><strong>indomiti</strong></span> <span class='ocrx_word' id='word_1_37' title='bbox 567 992 716 1054; x_wconf 84' lang='lat' dir='ltr'>Ciceronis</span> <span class='ocrx_word' id='word_1_38' title='bbox 731 993 817 1054; x_wconf 87' lang='lat' dir='ltr'><strong>verba</strong></span> <span class='ocrx_word' id='word_1_39' title='bbox 833 994 989 1055; x_wconf 82' lang='lat' dir='ltr'><strong>minentur.</strong></span> <span class='ocrx_word' id='word_1_40' title='bbox 1090 1012 1123 1060; x_wconf 85' lang='lat'><strong>20</strong></span> 
     </span>
     <span class='ocr_line' id='line_1_8' title="bbox 225 1076 977 1158; baseline 0.005 -22"><span class='ocrx_word' id='word_1_41' title='bbox 225 1076 271 1137; x_wconf 93' lang='lat' dir='ltr'><strong>his</strong></span> <span class='ocrx_word' id='word_1_42' title='bbox 287 1078 417 1138; x_wconf 91' lang='lat' dir='ltr'><strong>animum</strong></span> <span class='ocrx_word' id='word_1_43' title='bbox 434 1078 571 1155; x_wconf 84' lang='lat' dir='ltr'>succinge</span> <span class='ocrx_word' id='word_1_44' title='bbox 586 1078 687 1139; x_wconf 91' lang='lat' dir='ltr'><strong>bonis:</strong></span> <span class='ocrx_word' id='word_1_45' title='bbox 705 1078 748 1139; x_wconf 91' lang='lat' dir='ltr'><strong>sic</strong></span> <span class='ocrx_word' id='word_1_46' title='bbox 761 1078 882 1140; x_wconf 89' lang='lat' dir='ltr'><strong>tlumine</strong></span> <span class='ocrx_word' id='word_1_47' title='bbox 897 1081 977 1158; x_wconf 91' lang='lat' dir='ltr'><strong>largo</strong></span> 
     </span>
     <span class='ocr_line' id='line_1_9' title="bbox 224 1156 851 1243; baseline 0.005 -21"><span class='ocrx_word' id='word_1_48' title='bbox 224 1163 329 1241; x_wconf 89' lang='lat' dir='ltr'><strong>plenus</strong></span> <span class='ocrx_word' id='word_1_49' title='bbox 344 1163 440 1223; x_wconf 91' lang='lat' dir='ltr'><strong>Pierio</strong></span> <span class='ocrx_word' id='word_1_50' title='bbox 457 1163 599 1224; x_wconf 83' lang='lat' dir='ltr'><strong>defundes</strong></span> <span class='ocrx_word' id='word_1_51' title='bbox 615 1170 681 1243; x_wconf 92' lang='lat' dir='ltr'><strong>pect</strong></span> <span class='ocrx_word' id='word_1_52' title='bbox 683 1183 733 1224; x_wconf 95' lang='lat' dir='ltr'><strong>ore</strong></span> <span class='ocrx_word' id='word_1_53' title='bbox 748 1156 851 1225; x_wconf 66' lang='lat' dir='ltr'><strong>verba?</strong></span> 
     </span>
     <span class='ocr_line' id='line_1_10' title="bbox 167 1246 1225 1330; baseline 0.006 -24"><span class='ocrx_word' id='word_1_54' title='bbox 167 1246 236 1307; x_wconf 91' lang='lat' dir='ltr'><strong>dum</strong></span> <span class='ocrx_word' id='word_1_55' title='bbox 252 1248 331 1309; x_wconf 91' lang='lat' dir='ltr'><strong>bunc</strong></span> <span class='ocrx_word' id='word_1_56' title='bbox 346 1248 473 1326; x_wconf 83' lang='lat' dir='ltr'><strong>diligent</strong></span> <span class='ocrx_word' id='word_1_57' title='bbox 467 1267 511 1309; x_wconf 89' lang='lat' dir='ltr'><strong>rus</strong></span> <span class='ocrx_word' id='word_1_58' title='bbox 527 1248 622 1322; x_wconf 86' lang='lat' dir='ltr'><strong>audio,</strong></span> <span class='ocrx_word' id='word_1_59' title='bbox 638 1266 699 1309; x_wconf 91' lang='lat' dir='ltr'><strong>non</strong></span> <span class='ocrx_word' id='word_1_60' title='bbox 714 1250 813 1310; x_wconf 85' lang='lat' dir='ltr'><strong>notavi</strong></span> <span class='ocrx_word' id='word_1_61' title='bbox 828 1249 901 1310; x_wconf 94' lang='lat' dir='ltr'><strong>mihi</strong></span> <span class='ocrx_word' id='word_1_62' title='bbox 917 1250 1023 1330; x_wconf 78' lang='lat' dir='ltr'><strong>Ascylti</strong></span> <span class='ocrx_word' id='word_1_63' title='bbox 1037 1251 1136 1330; x_wconf 92' lang='lat' dir='ltr'><strong>fugam</strong></span> <span class='ocrx_word' id='word_1_64' title='bbox 1206 1250 1225 1311; x_wconf 82' lang='lat'>6</span> 
     </span>
    </p>
   </div>
   <div class='ocr_carea' id='block_1_3' title="bbox 59 1416 1270 3855">
    <p class='ocr_par' dir='ltr' id='par_1_3' title="bbox 79 1416 1230 1924">
     <span class='ocr_line' id='line_1_11' title="bbox 169 1416 1190 1498; baseline 0.005 -22.257"><span class='ocrx_word' id='word_1_65' title='bbox 169 1416 337 1478; x_wconf 84' lang='lat' dir='ltr'><strong>etdum-in</strong></span> <span class='ocrx_word' id='word_1_66' title='bbox 360 1417 418 1477; x_wconf 88' lang='lat' dir='ltr'><strong>boe</strong></span> <span class='ocrx_word' id='word_1_67' title='bbox 438 1417 583 1478; x_wconf 87' lang='lat' dir='ltr'><strong>dictorum</strong></span> <span class='ocrx_word' id='word_1_68' title='bbox 599 1426 682 1479; x_wconf 87' lang='lat' dir='ltr'><strong>aestu</strong></span> <span class='ocrx_word' id='word_1_69' title='bbox 696 1418 726 1477; x_wconf 93' lang='lat' dir='ltr'><strong>in</strong></span> <span class='ocrx_word' id='word_1_70' title='bbox 741 1418 836 1477; x_wconf 87' lang='lat' dir='ltr'><strong>hort&#39;trs</strong></span> <span class='ocrx_word' id='word_1_71' title='bbox 852 1419 989 1492; x_wconf 89' lang='lat' dir='ltr'><strong>incedo,</strong></span> <span class='ocrx_word' id='word_1_72' title='bbox 982 1437 1084 1498; x_wconf 81' lang='lat' dir='ltr'><strong>ingens</strong></span> <span class='ocrx_word' id='word_1_73' title='bbox 1101 1421 1190 1481; x_wconf 94' lang='lat' dir='ltr'><strong>scbo-</strong></span> 
     </span>
     <span class='ocr_line' id='line_1_12' title="bbox 81 1501 1230 1584; baseline 0.003 -23"><span class='ocrx_word' id='word_1_74' title='bbox 81 1501 145 1562; x_wconf 91' lang='lat' dir='ltr'><strong>las</strong></span> <span class='ocrx_word' id='word_1_75' title='bbox 125 1510 284 1563; x_wconf 85' lang='lat' dir='ltr'><strong>reorum</strong></span> <span class='ocrx_word' id='word_1_76' title='bbox 272 1501 384 1563; x_wconf 90' lang='lat' dir='ltr'><strong>turba</strong></span> <span class='ocrx_word' id='word_1_77' title='bbox 377 1520 407 1562; x_wconf 92' lang='lat' dir='ltr'><strong>m</strong></span> <span class='ocrx_word' id='word_1_78' title='bbox 427 1502 573 1581; x_wconf 89' lang='lat' dir='ltr'><strong>porticum</strong></span> <span class='ocrx_word' id='word_1_79' title='bbox 594 1503 685 1576; x_wconf 91' lang='lat' dir='ltr'><strong>venit,</strong></span> <span class='ocrx_word' id='word_1_80' title='bbox 712 1504 930 1582; x_wconf 83' lang='lat' dir='ltr'><strong>rxtapparebat‚</strong></span> <span class='ocrx_word' id='word_1_81' title='bbox 951 1504 986 1564; x_wconf 94' lang='lat' dir='ltr'><strong>ab</strong></span> <span class='ocrx_word' id='word_1_82' title='bbox 1002 1506 1190 1584; x_wconf 86' lang='lat' dir='ltr'><strong>extemporali</strong></span> <span class='ocrx_word' id='word_1_83' title='bbox 1228 1572 1230 1576; x_wconf 22' lang='lat'><strong><em>¹</em></strong></span> 
     </span>
     <span class='ocr_line' id='line_1_13' title="bbox 81 1549 1190 1669; baseline 0.002 -21"><span class='ocrx_word' id='word_1_84' title='bbox 81 1588 231 1648; x_wconf 90' lang='lat' dir='ltr'><strong>declamat</strong></span> <span class='ocrx_word' id='word_1_85' title='bbox 211 1597 291 1648; x_wconf 84' lang='lat' dir='ltr'><strong>itone</strong></span> <span class='ocrx_word' id='word_1_86' title='bbox 311 1587 410 1648; x_wconf 90' lang='lat' dir='ltr'><strong>nescio</strong></span> <span class='ocrx_word' id='word_1_87' title='bbox 427 1589 519 1659; x_wconf 86' lang='lat' dir='ltr'><strong>cuius,</strong></span> <span class='ocrx_word' id='word_1_88' title='bbox 544 1608 593 1667; x_wconf 84' lang='lat' dir='ltr'><strong>qur</strong></span> <span class='ocrx_word' id='word_1_89' title='bbox 585 1549 834 1666; x_wconf 82' lang='lat' dir='ltr'><strong>Agamemnonis</strong></span> <span class='ocrx_word' id='word_1_90' title='bbox 851 1590 1013 1650; x_wconf 83' lang='lat' dir='ltr'><strong>suasoriam</strong></span> <span class='ocrx_word' id='word_1_91' title='bbox 1030 1597 1190 1669; x_wconf 82' lang='lat' dir='ltr'><strong>exceperat</strong></span> 
     </span>
     <span class='ocr_line' id='line_1_14' title="bbox 82 1673 1190 1752; baseline 0.002 -19"><span class='ocrx_word' id='word_1_92' title='bbox 82 1673 151 1733; x_wconf 82' lang='lat' dir='ltr'><strong>drrm</strong></span> <span class='ocrx_word' id='word_1_93' title='bbox 164 1692 233 1752; x_wconf 88' lang='lat' dir='ltr'><strong>ergo</strong></span> <span class='ocrx_word' id='word_1_94' title='bbox 246 1673 365 1734; x_wconf 87' lang='lat' dir='ltr'><strong>iuvenes</strong></span> <span class='ocrx_word' id='word_1_95' title='bbox 378 1675 539 1734; x_wconf 87' lang='lat' dir='ltr'><strong>sententias</strong></span> <span class='ocrx_word' id='word_1_96' title='bbox 551 1674 648 1734; x_wconf 90' lang='lat' dir='ltr'><strong>rident</strong></span> <span class='ocrx_word' id='word_1_97' title='bbox 660 1674 851 1752; x_wconf 82' lang='lat' dir='ltr'><strong>ordinemque</strong></span> <span class='ocrx_word' id='word_1_98' title='bbox 862 1675 953 1736; x_wconf 91' lang='lat' dir='ltr'><strong>totius</strong></span> <span class='ocrx_word' id='word_1_99' title='bbox 967 1676 1102 1736; x_wconf 89' lang='lat' dir='ltr'><strong>dictionis</strong></span> <span class='ocrx_word' id='word_1_100' title='bbox 1116 1677 1190 1735; x_wconf 88' lang='lat' dir='ltr'><strong>infa-</strong></span> 
     </span>
     <span class='ocr_line' id='line_1_15' title="bbox 80 1758 1191 1840; baseline 0.003 -22"><span class='ocrx_word' id='word_1_101' title='bbox 80 1765 172 1831; x_wconf 87' lang='lat' dir='ltr'><strong>mant,</strong></span> <span class='ocrx_word' id='word_1_102' title='bbox 190 1766 355 1838; x_wconf 90' lang='lat' dir='ltr'><strong>opportune</strong></span> <span class='ocrx_word' id='word_1_103' title='bbox 370 1758 495 1819; x_wconf 89' lang='lat' dir='ltr'><strong>subduxi</strong></span> <span class='ocrx_word' id='word_1_104' title='bbox 512 1778 558 1818; x_wconf 91' lang='lat' dir='ltr'><strong>me</strong></span> <span class='ocrx_word' id='word_1_105' title='bbox 570 1767 598 1820; x_wconf 91' lang='lat' dir='ltr'><strong>et</strong></span> <span class='ocrx_word' id='word_1_106' title='bbox 610 1760 718 1819; x_wconf 92' lang='lat' dir='ltr'><strong>cursim</strong></span> <span class='ocrx_word' id='word_1_107' title='bbox 726 1760 862 1838; x_wconf 83' lang='lat' dir='ltr'><strong>Ascylton</strong></span> <span class='ocrx_word' id='word_1_108' title='bbox 875 1762 1009 1839; x_wconf 86' lang='lat' dir='ltr'><strong>persequi</strong></span> <span class='ocrx_word' id='word_1_109' title='bbox 1022 1762 1114 1840; x_wconf 88' lang='lat' dir='ltr'><strong>coepi.</strong></span> <span class='ocrx_word' id='word_1_110' title='bbox 1139 1761 1191 1822; x_wconf 89' lang='lat' dir='ltr'><strong>sed</strong></span> 
     </span>
     <span class='ocr_line' id='line_1_16' title="bbox 79 1843 1189 1924; baseline 0.003 -21"><span class='ocrx_word' id='word_1_111' title='bbox 79 1843 215 1904; x_wconf 88' lang='lat' dir='ltr'><strong>neeriam</strong></span> <span class='ocrx_word' id='word_1_112' title='bbox 225 1843 374 1922; x_wconf 85' lang='lat' dir='ltr'><strong>diligenter</strong></span> <span class='ocrx_word' id='word_1_113' title='bbox 385 1844 518 1905; x_wconf 88' lang='lat' dir='ltr'><strong>tenebam</strong></span> <span class='ocrx_word' id='word_1_114' title='bbox 530 1845 596 1923; x_wconf 91' lang='lat' dir='ltr'><strong>quia</strong></span> <span class='ocrx_word' id='word_1_115' title='bbox 605 1889 694 1905; x_wconf 88' lang='grc'><strong>.....</strong></span> <span class='ocrx_word' id='word_1_116' title='bbox 702 1846 843 1924; x_wconf 92' lang='lat' dir='ltr'><strong>necqucd</strong></span> <span class='ocrx_word' id='word_1_117' title='bbox 859 1845 1003 1906; x_wconf 87' lang='lat' dir='ltr'><strong>stabulum</strong></span> <span class='ocrx_word' id='word_1_118' title='bbox 1017 1854 1104 1918; x_wconf 83' lang='lat' dir='ltr'><strong>esset,</strong></span> <span class='ocrx_word' id='word_1_119' title='bbox 1114 1847 1189 1906; x_wconf 91' lang='lat' dir='ltr'><strong>scie·</strong></span> 
     </span>
    </p>

    <p class='ocr_par' dir='ltr' id='par_1_4' title="bbox 59 1928 1270 3797">
     <span class='ocr_line' id='line_1_17' title="bbox 59 1928 1270 2008; baseline 0.002 -19"><span class='ocrx_word' id='word_1_120' title='bbox 59 1954 62 1958; x_wconf 93' lang='lat'>·</span> <span class='ocrx_word' id='word_1_121' title='bbox 80 1928 156 1989; x_wconf 94' lang='lat' dir='ltr'><strong>bam</strong></span> <span class='ocrx_word' id='word_1_122' title='bbox 179 1930 277 2007; x_wconf 85' lang='lat' dir='ltr'><strong>itaque</strong></span> <span class='ocrx_word' id='word_1_123' title='bbox 288 1947 461 2008; x_wconf 89' lang='lat' dir='ltr'><strong>quocunque</strong></span> <span class='ocrx_word' id='word_1_124' title='bbox 472 1948 570 2001; x_wconf 91' lang='lat' dir='ltr'><strong>reram</strong></span> <span class='ocrx_word' id='word_1_125' title='bbox 583 1931 686 1990; x_wconf 92' lang='lat' dir='ltr'><strong>eodem</strong></span> <span class='ocrx_word' id='word_1_126' title='bbox 699 1929 873 2000; x_wconf 88' lang='lat' dir='ltr'><strong>revertebar,</strong></span> <span class='ocrx_word' id='word_1_127' title='bbox 886 1931 1019 1991; x_wconf 86' lang='lat' dir='ltr'><strong>donecet</strong></span> <span class='ocrx_word' id='word_1_128' title='bbox 1027 1931 1192 1992; x_wconf 87' lang='lat' dir='ltr'><strong>cursufati</strong></span> <span class='ocrx_word' id='word_1_129' title='bbox 1268 1970 1270 1978; x_wconf 89' lang='lat'>·</span> 
     </span>
     <span class='ocr_line' id='line_1_18' title="bbox 80 2014 1190 2095; baseline 0.001 -20"><span class='ocrx_word' id='word_1_130' title='bbox 80 2021 164 2092; x_wconf 89' lang='lat' dir='ltr'><strong>gatus</strong></span> <span class='ocrx_word' id='word_1_131' title='bbox 176 2022 205 2075; x_wconf 89' lang='lat' dir='ltr'><strong>et</strong></span> <span class='ocrx_word' id='word_1_132' title='bbox 217 2014 346 2074; x_wconf 90' lang='lat' dir='ltr'><strong>sudore</strong></span> <span class='ocrx_word' id='word_1_133' title='bbox 339 2033 396 2074; x_wconf 87' lang='lat' dir='ltr'><strong>ram</strong></span> <span class='ocrx_word' id='word_1_134' title='bbox 409 2015 531 2075; x_wconf 90' lang='lat' dir='ltr'><strong>madens</strong></span> <span class='ocrx_word' id='word_1_135' title='bbox 544 2015 650 2075; x_wconf 86' lang='lat' dir='ltr'><strong>accedo</strong></span> <span class='ocrx_word' id='word_1_136' title='bbox 664 2014 807 2075; x_wconf 90' lang='lat' dir='ltr'><strong>aniculam</strong></span> <span class='ocrx_word' id='word_1_137' title='bbox 820 2017 976 2093; x_wconf 83' lang='lat' dir='ltr'><strong>quandam,</strong></span> <span class='ocrx_word' id='word_1_138' title='bbox 993 2035 1066 2094; x_wconf 91' lang='lat' dir='ltr'><strong>quae</strong></span> <span class='ocrx_word' id='word_1_139' title='bbox 1078 2022 1190 2095; x_wconf 88' lang='lat' dir='ltr'><strong>agreste</strong></span> 
     </span>
     <span class='ocr_line' id='line_1_19' title="bbox 79 2090 1224 2179; baseline 0.001 -19"><span class='ocrx_word' id='word_1_140' title='bbox 79 2100 166 2160; x_wconf 86' lang='lat' dir='ltr'><strong>bolus</strong></span> <span class='ocrx_word' id='word_1_141' title='bbox 181 2100 374 2173; x_wconf 74' lang='lat' dir='ltr'><strong>vendebatet</strong></span> <span class='ocrx_word' id='word_1_142' title='bbox 362 2092 477 2178; x_wconf 86' lang='lat' dir='ltr'><strong>trogo&#39;</strong></span> <span class='ocrx_word' id='word_1_143' title='bbox 493 2101 611 2179; x_wconf 91' lang='lat' dir='ltr'><strong>inquam</strong></span> <span class='ocrx_word' id='word_1_144' title='bbox 622 2090 694 2159; x_wconf 87' lang='lat' dir='ltr'><strong>mat</strong></span> <span class='ocrx_word' id='word_1_145' title='bbox 695 2119 734 2171; x_wconf 85' lang='lat' dir='ltr'><strong>er,</strong></span> <span class='ocrx_word' id='word_1_146' title='bbox 751 2100 892 2178; x_wconf 90' lang='lat' dir='ltr'><strong>numquid</strong></span> <span class='ocrx_word' id='word_1_147' title='bbox 911 2101 1027 2162; x_wconf 88' lang='lat' dir='ltr'><strong>scisubi</strong></span> <span class='ocrx_word' id='word_1_148' title='bbox 1039 2119 1093 2179; x_wconf 90' lang='lat' dir='ltr'><strong>ego</strong></span> <span class='ocrx_word' id='word_1_149' title='bbox 1106 2101 1224 2162; x_wconf 88' lang='lat' dir='ltr'><strong>habi-7</strong></span> 
     </span>
     <span class='ocr_line' id='line_1_20' title="bbox 79 2148 1189 2266; baseline 0.002 -22.024"><span class='ocrx_word' id='word_1_150' title='bbox 79 2177 174 2246; x_wconf 73' lang='lat' dir='ltr'><strong>teml&#39;</strong></span> <span class='ocrx_word' id='word_1_151' title='bbox 213 2185 349 2246; x_wconf 84' lang='lat' dir='ltr'><strong>delectata</strong></span> <span class='ocrx_word' id='word_1_152' title='bbox 377 2191 422 2245; x_wconf 89' lang='lat' dir='ltr'><strong>est</strong></span> <span class='ocrx_word' id='word_1_153' title='bbox 410 2186 487 2245; x_wconf 88' lang='lat' dir='ltr'><strong>tilla</strong></span> <span class='ocrx_word' id='word_1_154' title='bbox 508 2185 671 2246; x_wconf 87' lang='lat' dir='ltr'><strong>urbanitate</strong></span> <span class='ocrx_word' id='word_1_155' title='bbox 656 2192 798 2245; x_wconf 84' lang='lat' dir='ltr'><strong>etstam</strong></span> <span class='ocrx_word' id='word_1_156' title='bbox 771 2186 908 2247; x_wconf 88' lang='lat' dir='ltr'><strong>stttulae</strong></span> <span class='ocrx_word' id='word_1_157' title='bbox 896 2179 1036 2266; x_wconf 90' lang='lat' dir='ltr'><strong>tquidni</strong></span> <span class='ocrx_word' id='word_1_158' title='bbox 1057 2148 1189 2248; x_wconf 74' lang='lat' dir='ltr'><strong>sciaml&#39;</strong></span> 
     </span>
     <span class='ocr_line' id='line_1_21' title="bbox 81 2271 1191 2351; baseline 0.003 -21"><span class='ocrx_word' id='word_1_159' title='bbox 81 2271 185 2349; x_wconf 91' lang='lat' dir='ltr'><strong>inquit,</strong></span> <span class='ocrx_word' id='word_1_160' title='bbox 203 2271 444 2349; x_wconf 89' lang='lat' dir='ltr'><strong>consurrexitque</strong></span> <span class='ocrx_word' id='word_1_161' title='bbox 465 2278 493 2331; x_wconf 90' lang='lat' dir='ltr'><strong>et</strong></span> <span class='ocrx_word' id='word_1_162' title='bbox 508 2271 604 2349; x_wconf 89' lang='lat' dir='ltr'><strong>coepit</strong></span> <span class='ocrx_word' id='word_1_163' title='bbox 618 2290 666 2331; x_wconf 89' lang='lat' dir='ltr'><strong>me</strong></span> <span class='ocrx_word' id='word_1_164' title='bbox 682 2271 862 2349; x_wconf 86' lang='lat' dir='ltr'><strong>praecedere</strong></span> <span class='ocrx_word' id='word_1_165' title='bbox 893 2272 1018 2332; x_wconf 89' lang='lat' dir='ltr'><strong>divinam</strong></span> <span class='ocrx_word' id='word_1_166' title='bbox 1035 2291 1088 2350; x_wconf 87' lang='lat' dir='ltr'><strong>ego</strong></span> <span class='ocrx_word' id='word_1_167' title='bbox 1105 2280 1191 2351; x_wconf 86' lang='lat' dir='ltr'><strong>puta-</strong></span> 
     </span>
     <span class='ocr_line' id='line_1_22' title="bbox 80 2356 1189 2431; baseline 0.001 -15"><span class='ocrx_word' id='word_1_168' title='bbox 80 2356 146 2416; x_wconf 88' lang='lat' dir='ltr'><strong>bam</strong></span> <span class='ocrx_word' id='word_1_169' title='bbox 163 2363 192 2416; x_wconf 90' lang='lat' dir='ltr'><strong>et</strong></span> <span class='ocrx_word' id='word_1_170' title='bbox 206 2401 298 2416; x_wconf 93' lang='grc'><strong>.....</strong></span> <span class='ocrx_word' id='word_1_171' title='bbox 316 2356 440 2416; x_wconf 88' lang='lat' dir='ltr'><strong>subinde</strong></span> <span class='ocrx_word' id='word_1_172' title='bbox 462 2364 495 2416; x_wconf 82' lang='lat' dir='ltr'><strong>ut</strong></span> <span class='ocrx_word' id='word_1_173' title='bbox 514 2356 656 2417; x_wconf 89' lang='lat' dir='ltr'><strong>inlocum</strong></span> <span class='ocrx_word' id='word_1_174' title='bbox 675 2357 862 2416; x_wconf 87' lang='lat' dir='ltr'><strong>secretiorem</strong></span> <span class='ocrx_word' id='word_1_175' title='bbox 878 2358 1020 2431; x_wconf 81' lang='lat' dir='ltr'><strong>venimus,</strong></span> <span class='ocrx_word' id='word_1_176' title='bbox 1037 2365 1189 2419; x_wconf 88' lang='lat' dir='ltr'><strong>centonem</strong></span> 
     </span>
     <span class='ocr_line' id='line_1_23' title="bbox 79 2431 1191 2521; baseline 0.001 -19"><span class='ocrx_word' id='word_1_177' title='bbox 79 2458 154 2503; x_wconf 87' lang='lat' dir='ltr'><strong>anus</strong></span> <span class='ocrx_word' id='word_1_178' title='bbox 172 2442 280 2501; x_wconf 90' lang='lat' dir='ltr'><strong>urbana</strong></span> <span class='ocrx_word' id='word_1_179' title='bbox 296 2442 393 2501; x_wconf 91' lang='lat' dir='ltr'><strong>reiecit</strong></span> <span class='ocrx_word' id='word_1_180' title='bbox 408 2448 436 2501; x_wconf 89' lang='lat' dir='ltr'><strong>et</strong></span> <span class='ocrx_word' id='word_1_181' title='bbox 447 2433 523 2500; x_wconf 79' lang='lat' dir='ltr'><strong>‘hic&#39;</strong></span> <span class='ocrx_word' id='word_1_182' title='bbox 540 2441 635 2520; x_wconf 89' lang='lat' dir='ltr'><strong>inquit</strong></span> <span class='ocrx_word' id='word_1_183' title='bbox 646 2431 748 2501; x_wconf 82' lang='lat' dir='ltr'><strong>‘debes</strong></span> <span class='ocrx_word' id='word_1_184' title='bbox 765 2434 916 2502; x_wconf 85' lang='lat' dir='ltr'><strong>babitare&#39;.</strong></span> <span class='ocrx_word' id='word_1_185' title='bbox 948 2460 1015 2503; x_wconf 88' lang='lat' dir='ltr'><strong>cum</strong></span> <span class='ocrx_word' id='word_1_186' title='bbox 1032 2461 1085 2520; x_wconf 92' lang='lat' dir='ltr'><strong>ego</strong></span> <span class='ocrx_word' id='word_1_187' title='bbox 1102 2461 1191 2521; x_wconf 87' lang='lat' dir='ltr'><strong>nega·</strong></span> 
     </span>
     <span class='ocr_line' id='line_1_24' title="bbox 79 2526 1191 2606; baseline 0 -19"><span class='ocrx_word' id='word_1_188' title='bbox 79 2545 143 2587; x_wconf 89' lang='lat' dir='ltr'><strong>rem</strong></span> <span class='ocrx_word' id='word_1_189' title='bbox 164 2545 212 2586; x_wconf 90' lang='lat' dir='ltr'><strong>me</strong></span> <span class='ocrx_word' id='word_1_190' title='bbox 232 2544 391 2603; x_wconf 91' lang='lat' dir='ltr'><strong>agnoscere</strong></span> <span class='ocrx_word' id='word_1_191' title='bbox 411 2527 547 2599; x_wconf 86' lang='lat' dir='ltr'><strong>domum,</strong></span> <span class='ocrx_word' id='word_1_192' title='bbox 569 2527 652 2586; x_wconf 91' lang='lat' dir='ltr'><strong>video</strong></span> <span class='ocrx_word' id='word_1_193' title='bbox 674 2526 817 2605; x_wconf 88' lang='lat' dir='ltr'><strong>quosdam</strong></span> <span class='ocrx_word' id='word_1_194' title='bbox 834 2527 910 2588; x_wconf 88' lang='lat' dir='ltr'><strong>inter</strong></span> <span class='ocrx_word' id='word_1_195' title='bbox 924 2527 1024 2588; x_wconf 86' lang='lat' dir='ltr'><strong>titulos</strong></span> <span class='ocrx_word' id='word_1_196' title='bbox 1040 2528 1191 2606; x_wconf 89' lang='lat' dir='ltr'><strong>nudasque</strong></span> 
     </span>
     <span class='ocr_line' id='line_1_25' title="bbox 78 2610 1192 2688; baseline 0 -17"><span class='ocrx_word' id='word_1_197' title='bbox 78 2610 248 2671; x_wconf 89' lang='lat' dir='ltr'><strong>meretrices</strong></span> <span class='ocrx_word' id='word_1_198' title='bbox 263 2611 364 2671; x_wconf 87' lang='lat' dir='ltr'><strong>furtim</strong></span> <span class='ocrx_word' id='word_1_199' title='bbox 381 2611 605 2688; x_wconf 87' lang='lat' dir='ltr'><strong>conspatiantes¹</strong></span> <span class='ocrx_word' id='word_1_200' title='bbox 633 2613 724 2682; x_wconf 86' lang='lat' dir='ltr'><strong>tarde,</strong></span> <span class='ocrx_word' id='word_1_201' title='bbox 741 2611 832 2671; x_wconf 93' lang='lat' dir='ltr'><strong>immo</strong></span> <span class='ocrx_word' id='word_1_202' title='bbox 848 2612 905 2671; x_wconf 92' lang='lat' dir='ltr'><strong>iam</strong></span> <span class='ocrx_word' id='word_1_203' title='bbox 924 2631 990 2672; x_wconf 93' lang='lat' dir='ltr'><strong>sero</strong></span> <span class='ocrx_word' id='word_1_204' title='bbox 1002 2613 1128 2672; x_wconf 88' lang='lat' dir='ltr'><strong>intellexi</strong></span> <span class='ocrx_word' id='word_1_205' title='bbox 1144 2632 1192 2672; x_wconf 91' lang='lat' dir='ltr'><strong>me</strong></span> 
     </span>
     <span class='ocr_line' id='line_1_26' title="bbox 78 2695 1190 2776; baseline 0 -20"><span class='ocrx_word' id='word_1_206' title='bbox 78 2697 108 2756; x_wconf 94' lang='lat' dir='ltr'><strong>in</strong></span> <span class='ocrx_word' id='word_1_207' title='bbox 124 2695 267 2757; x_wconf 87' lang='lat' dir='ltr'><strong>fornicem</strong></span> <span class='ocrx_word' id='word_1_208' title='bbox 284 2714 349 2755; x_wconf 91' lang='lat' dir='ltr'><strong>esse</strong></span> <span class='ocrx_word' id='word_1_209' title='bbox 361 2695 527 2756; x_wconf 85' lang='lat' dir='ltr'><strong>deductum.</strong></span> <span class='ocrx_word' id='word_1_210' title='bbox 558 2704 707 2756; x_wconf 89' lang='lat' dir='ltr'><strong>execratus</strong></span> <span class='ocrx_word' id='word_1_211' title='bbox 723 2696 820 2773; x_wconf 88' lang='lat' dir='ltr'><strong>itaque</strong></span> <span class='ocrx_word' id='word_1_212' title='bbox 835 2696 965 2757; x_wconf 83' lang='lat' dir='ltr'><strong>aniculae</strong></span> <span class='ocrx_word' id='word_1_213' title='bbox 980 2697 1101 2756; x_wconf 91' lang='lat' dir='ltr'><strong>insidias</strong></span> <span class='ocrx_word' id='word_1_214' title='bbox 1118 2717 1190 2776; x_wconf 92' lang='lat' dir='ltr'><strong>ope-</strong></span> 
     </span>
     <span class='ocr_line' id='line_1_27' title="bbox 79 2779 1246 2860; baseline 0.001 -18"><span class='ocrx_word' id='word_1_215' title='bbox 79 2781 125 2842; x_wconf 91' lang='lat' dir='ltr'><strong>rui</strong></span> <span class='ocrx_word' id='word_1_216' title='bbox 150 2788 237 2858; x_wconf 89' lang='lat' dir='ltr'><strong>ceput</strong></span> <span class='ocrx_word' id='word_1_217' title='bbox 256 2787 285 2840; x_wconf 89' lang='lat' dir='ltr'><strong>et</strong></span> <span class='ocrx_word' id='word_1_218' title='bbox 306 2798 358 2858; x_wconf 91' lang='lat' dir='ltr'><strong>per</strong></span> <span class='ocrx_word' id='word_1_219' title='bbox 377 2780 506 2841; x_wconf 91' lang='lat' dir='ltr'><strong>medium</strong></span> <span class='ocrx_word' id='word_1_220' title='bbox 527 2779 649 2858; x_wconf 86' lang='lat' dir='ltr'><strong>lupanar</strong></span> <span class='ocrx_word' id='word_1_221' title='bbox 664 2781 769 2858; x_wconf 68' lang='lat' dir='ltr'><strong>⁴fugere</strong></span> <span class='ocrx_word' id='word_1_222' title='bbox 786 2781 870 2859; x_wconf 90' lang='lat' dir='ltr'><strong>coepi</strong></span> <span class='ocrx_word' id='word_1_223' title='bbox 886 2781 916 2841; x_wconf 96' lang='lat' dir='ltr'><strong>in</strong></span> <span class='ocrx_word' id='word_1_224' title='bbox 932 2781 1048 2842; x_wconf 88' lang='lat' dir='ltr'><strong>alteram</strong></span> <span class='ocrx_word' id='word_1_225' title='bbox 1065 2789 1190 2860; x_wconf 88' lang='lat' dir='ltr'><strong>partem,</strong></span> <span class='ocrx_word' id='word_1_226' title='bbox 1243 2855 1246 2860; x_wconf 75' lang='lat'><strong>.</strong></span> 
     </span>
     <span class='ocr_line' id='line_1_28' title="bbox 80 2865 1191 2948; baseline 0 -20"><span class='ocrx_word' id='word_1_227' title='bbox 80 2886 146 2928; x_wconf 89' lang='lat' dir='ltr'><strong>cum</strong></span> <span class='ocrx_word' id='word_1_228' title='bbox 164 2885 229 2926; x_wconf 89' lang='lat' dir='ltr'><strong>ecce</strong></span> <span class='ocrx_word' id='word_1_229' title='bbox 246 2866 274 2926; x_wconf 90' lang='lat' dir='ltr'><strong>in</strong></span> <span class='ocrx_word' id='word_1_230' title='bbox 289 2866 354 2944; x_wconf 92' lang='lat' dir='ltr'><strong>ipso</strong></span> <span class='ocrx_word' id='word_1_231' title='bbox 371 2866 450 2925; x_wconf 89' lang='lat' dir='ltr'><strong>aditu</strong></span> <span class='ocrx_word' id='word_1_232' title='bbox 467 2865 594 2925; x_wconf 89' lang='lat' dir='ltr'><strong>occurrit</strong></span> <span class='ocrx_word' id='word_1_233' title='bbox 605 2866 676 2925; x_wconf 89' lang='lat' dir='ltr'><strong>mibi</strong></span> <span class='ocrx_word' id='word_1_234' title='bbox 690 2884 781 2943; x_wconf 89' lang='lat' dir='ltr'><strong>aeque</strong></span> <span class='ocrx_word' id='word_1_235' title='bbox 793 2866 888 2926; x_wconf 91' lang='lat' dir='ltr'><strong>lassus</strong></span> <span class='ocrx_word' id='word_1_236' title='bbox 902 2885 936 2926; x_wconf 89' lang='lat' dir='ltr'><strong>ac</strong></span> <span class='ocrx_word' id='word_1_237' title='bbox 946 2866 1076 2927; x_wconf 91' lang='lat' dir='ltr'><strong>moriens</strong></span> <span class='ocrx_word' id='word_1_238' title='bbox 1089 2867 1191 2948; x_wconf 91' lang='lat' dir='ltr'><strong>Ascyl-</strong></span> 
     </span>
     <span class='ocr_line' id='line_1_29' title="bbox 78 2950 1188 3049; baseline 0.002 -38.026"><span class='ocrx_word' id='word_1_239' title='bbox 78 2962 141 3022; x_wconf 75' lang='grc' dir='ltr'>ιςοο</span> <span class='ocrx_word' id='word_1_240' title='bbox 156 2958 274 3030; x_wconf 87' lang='lat' dir='ltr'><strong>putares</strong></span> <span class='ocrx_word' id='word_1_241' title='bbox 292 2950 327 3011; x_wconf 89' lang='lat' dir='ltr'><strong>ab</strong></span> <span class='ocrx_word' id='word_1_242' title='bbox 343 2950 442 3011; x_wconf 92' lang='lat' dir='ltr'><strong>eadem</strong></span> <span class='ocrx_word' id='word_1_243' title='bbox 460 2950 572 3012; x_wconf 90' lang='lat' dir='ltr'><strong>anicula</strong></span> <span class='ocrx_word' id='word_1_244' title='bbox 588 2970 653 3012; x_wconf 89' lang='lat' dir='ltr'><strong>esse</strong></span> <span class='ocrx_word' id='word_1_245' title='bbox 666 2951 771 3011; x_wconf 89' lang='lat' dir='ltr'><strong>deduct</strong></span> <span class='ocrx_word' id='word_1_246' title='bbox 759 2957 832 3010; x_wconf 89' lang='lat' dir='ltr'><strong>t.um</strong></span> <span class='ocrx_word' id='word_1_247' title='bbox 856 2952 995 3049; x_wconf 83' lang='lat' dir='ltr'><strong>itaqueut</strong></span> <span class='ocrx_word' id='word_1_248' title='bbox 984 2952 1107 3013; x_wconf 91' lang='lat' dir='ltr'><strong>tridens</strong></span> <span class='ocrx_word' id='word_1_249' title='bbox 1121 2972 1188 3013; x_wconf 93' lang='lat' dir='ltr'><strong>eum</strong></span> 
     </span>
     <span class='ocr_line' id='line_1_30' title="bbox 80 3036 1224 3115; baseline 0 -16"><span class='ocrx_word' id='word_1_250' title='bbox 80 3037 271 3107; x_wconf 85' lang='lat' dir='ltr'><strong>consalutari,</strong></span> <span class='ocrx_word' id='word_1_251' title='bbox 288 3036 508 3140; x_wconf 83' lang='lat' dir='ltr'><strong>quidinlccot</strong></span> <span class='ocrx_word' id='word_1_252' title='bbox 497 3045 556 3096; x_wconf 86' lang='grc' dir='ltr'>ιιιο</span> <span class='ocrx_word' id='word_1_253' title='bbox 574 3036 819 3097; x_wconf 84' lang='lat' dir='ltr'><strong>deformifaceret</strong></span> <span class='ocrx_word' id='word_1_254' title='bbox 807 3038 967 3114; x_wconf 88' lang='lat' dir='ltr'><strong>tquaesivi</strong></span> <span class='ocrx_word' id='word_1_255' title='bbox 992 3038 1129 3098; x_wconf 84' lang='lat' dir='ltr'><strong>sudorem</strong></span> <span class='ocrx_word' id='word_1_256' title='bbox 1144 3037 1224 3099; x_wconf 83' lang='lat' dir='ltr'><strong>rlle8</strong></span> 
     </span>
     <span class='ocr_line' id='line_1_31' title="bbox 79 3113 1188 3225; baseline 0 -42"><span class='ocrx_word' id='word_1_257' title='bbox 79 3122 215 3183; x_wconf 85' lang='lat' dir='ltr'><strong>manibus</strong></span> <span class='ocrx_word' id='word_1_258' title='bbox 232 3123 280 3182; x_wconf 83' lang='lat' dir='ltr'><strong>de</strong></span> <span class='ocrx_word' id='word_1_259' title='bbox 268 3129 382 3182; x_wconf 78' lang='lat' dir='ltr'><strong>ersi</strong></span> <span class='ocrx_word' id='word_1_260' title='bbox 384 3132 442 3182; x_wconf 86' lang='lat' dir='ltr'><strong>sr</strong></span> <span class='ocrx_word' id='word_1_261' title='bbox 459 3141 549 3182; x_wconf 81' lang='lat' dir='ltr'><strong>scires</strong></span> <span class='ocrx_word' id='word_1_262' title='bbox 578 3123 672 3200; x_wconf 88' lang='lat' dir='ltr'><strong>inquit</strong></span> <span class='ocrx_word' id='word_1_263' title='bbox 683 3114 776 3225; x_wconf 74' lang='lat' dir='ltr'><strong>‘quae</strong></span> <span class='ocrx_word' id='word_1_264' title='bbox 796 3121 867 3181; x_wconf 84' lang='lat' dir='ltr'><strong>milri</strong></span> <span class='ocrx_word' id='word_1_265' title='bbox 889 3113 1080 3183; x_wconf 89' lang='lat' dir='ltr'><strong>acciderunt.</strong></span> <span class='ocrx_word' id='word_1_266' title='bbox 1107 3117 1188 3202; x_wconf 93' lang='lat' dir='ltr'><strong>quid</strong></span> 
     </span>
     <span class='ocr_line' id='line_1_32' title="bbox 79 3199 1190 3304; baseline -0.001 -34"><span class='ocrx_word' id='word_1_267' title='bbox 79 3199 205 3270; x_wconf 71' lang='lat' dir='ltr'><strong>novil&#39;</strong></span> <span class='ocrx_word' id='word_1_268' title='bbox 199 3226 316 3285; x_wconf 91' lang='lat' dir='ltr'><strong>mquam</strong></span> <span class='ocrx_word' id='word_1_269' title='bbox 340 3226 405 3304; x_wconf 84' lang='lat' dir='ltr'><strong>ego.</strong></span> <span class='ocrx_word' id='word_1_270' title='bbox 437 3215 465 3268; x_wconf 91' lang='grc' dir='ltr'><strong>ιι</strong></span> <span class='ocrx_word' id='word_1_271' title='bbox 485 3208 530 3267; x_wconf 89' lang='lat' dir='ltr'><strong>ille</strong></span> <span class='ocrx_word' id='word_1_272' title='bbox 547 3200 706 3267; x_wconf 89' lang='lat' dir='ltr'><strong>deficiens</strong></span> <span class='ocrx_word' id='word_1_273' title='bbox 715 3225 780 3266; x_wconf 92' lang='lat' dir='ltr'><strong>cum</strong></span> <span class='ocrx_word' id='word_1_274' title='bbox 798 3199 938 3267; x_wconf 84' lang='lat' dir='ltr'><strong>errarem&#39;</strong></span> <span class='ocrx_word' id='word_1_275' title='bbox 954 3208 1048 3286; x_wconf 87' lang='lat' dir='ltr'><strong>inquit</strong></span> <span class='ocrx_word' id='word_1_276' title='bbox 1059 3201 1190 3286; x_wconf 90' lang='lat' dir='ltr'><strong>perto-</strong></span> 
     </span>
     <span class='ocr_line' id='line_1_33' title="bbox 79 3290 1190 3371; baseline 0 -18"><span class='ocrx_word' id='word_1_277' title='bbox 79 3303 138 3354; x_wconf 88' lang='lat' dir='ltr'><strong>tam</strong></span> <span class='ocrx_word' id='word_1_278' title='bbox 156 3293 299 3353; x_wconf 91' lang='lat' dir='ltr'><strong>civitatem</strong></span> <span class='ocrx_word' id='word_1_279' title='bbox 315 3310 371 3352; x_wconf 90' lang='lat' dir='ltr'><strong>nec</strong></span> <span class='ocrx_word' id='word_1_280' title='bbox 385 3293 555 3365; x_wconf 86' lang='lat' dir='ltr'><strong>invenirem,</strong></span> <span class='ocrx_word' id='word_1_281' title='bbox 571 3310 628 3369; x_wconf 92' lang='lat' dir='ltr'><strong>quo</strong></span> <span class='ocrx_word' id='word_1_282' title='bbox 644 3293 710 3350; x_wconf 89' lang='lat' dir='ltr'><strong>loco</strong></span> <span class='ocrx_word' id='word_1_283' title='bbox 723 3298 750 3351; x_wconf 93' lang='lat' dir='ltr'><strong>st</strong></span> <span class='ocrx_word' id='word_1_284' title='bbox 738 3290 866 3351; x_wconf 91' lang='lat' dir='ltr'><strong>tabulum</strong></span> <span class='ocrx_word' id='word_1_285' title='bbox 880 3293 1073 3371; x_wconf 86' lang='lat' dir='ltr'><strong>reliquissem</strong></span> <span class='ocrx_word' id='word_1_286' title='bbox 1090 3312 1190 3354; x_wconf 90' lang='lat' dir='ltr'><strong>acces-</strong></span> 
     </span>
     <span class='ocr_line' id='line_1_34' title="bbox 80 3374 1209 3456; baseline 0 -17"><span class='ocrx_word' id='word_1_287' title='bbox 80 3380 118 3439; x_wconf 88' lang='lat' dir='ltr'><strong>sit</strong></span> <span class='ocrx_word' id='word_1_288' title='bbox 138 3379 173 3438; x_wconf 89' lang='lat' dir='ltr'><strong>ad</strong></span> <span class='ocrx_word' id='word_1_289' title='bbox 194 3397 242 3438; x_wconf 93' lang='lat' dir='ltr'><strong>me</strong></span> <span class='ocrx_word' id='word_1_290' title='bbox 257 3386 339 3456; x_wconf 89' lang='lat' dir='ltr'><strong>pater</strong></span> <span class='ocrx_word' id='word_1_291' title='bbox 354 3379 479 3438; x_wconf 87' lang='lat' dir='ltr'><strong>familiae</strong></span> <span class='ocrx_word' id='word_1_292' title='bbox 495 3385 523 3436; x_wconf 90' lang='lat' dir='ltr'><strong>et</strong></span> <span class='ocrx_word' id='word_1_293' title='bbox 535 3378 637 3436; x_wconf 91' lang='lat' dir='ltr'><strong>ducem</strong></span> <span class='ocrx_word' id='word_1_294' title='bbox 651 3395 682 3436; x_wconf 91' lang='lat' dir='ltr'><strong>se</strong></span> <span class='ocrx_word' id='word_1_295' title='bbox 694 3374 806 3435; x_wconf 91' lang='lat' dir='ltr'><strong>itineris</strong></span> <span class='ocrx_word' id='word_1_296' title='bbox 818 3377 1031 3438; x_wconf 88' lang='lat' dir='ltr'><strong>humanissime</strong></span> <span class='ocrx_word' id='word_1_297' title='bbox 1043 3379 1189 3456; x_wconf 85' lang='lat' dir='ltr'><strong>promisit.</strong></span> <span class='ocrx_word' id='word_1_298' title='bbox 1205 3449 1209 3455; x_wconf 17' lang='lat' dir='ltr'><strong>y</strong></span> 
     </span>
     <span class='ocr_line' id='line_1_35' title="bbox 79 3461 1189 3543; baseline -0.002 -19"><span class='ocrx_word' id='word_1_299' title='bbox 79 3483 132 3543; x_wconf 92' lang='lat' dir='ltr'><strong>per</strong></span> <span class='ocrx_word' id='word_1_300' title='bbox 148 3464 295 3523; x_wconf 91' lang='lat' dir='ltr'><strong>anfractus</strong></span> <span class='ocrx_word' id='word_1_301' title='bbox 311 3463 415 3523; x_wconf 89' lang='lat' dir='ltr'><strong>deinde</strong></span> <span class='ocrx_word' id='word_1_302' title='bbox 431 3462 660 3523; x_wconf 89' lang='lat' dir='ltr'><strong>obscurissimos</strong></span> <span class='ocrx_word' id='word_1_303' title='bbox 672 3479 808 3540; x_wconf 87' lang='lat' dir='ltr'><strong>egressus</strong></span> <span class='ocrx_word' id='word_1_304' title='bbox 821 3461 850 3520; x_wconf 93' lang='lat' dir='ltr'><strong>in</strong></span> <span class='ocrx_word' id='word_1_305' title='bbox 863 3462 942 3521; x_wconf 90' lang='lat' dir='ltr'><strong>bunc</strong></span> <span class='ocrx_word' id='word_1_306' title='bbox 952 3464 1050 3523; x_wconf 92' lang='lat' dir='ltr'><strong>locum</strong></span> <span class='ocrx_word' id='word_1_307' title='bbox 1062 3482 1108 3522; x_wconf 94' lang='lat' dir='ltr'><strong>me</strong></span> <span class='ocrx_word' id='word_1_308' title='bbox 1120 3483 1189 3542; x_wconf 92' lang='lat' dir='ltr'><strong>per-</strong></span> 
     </span>
     <span class='ocr_line' id='line_1_36' title="bbox 80 3548 1190 3627; baseline -0.002 -17"><span class='ocrx_word' id='word_1_309' title='bbox 80 3550 163 3610; x_wconf 89' lang='lat' dir='ltr'><strong>duxit</strong></span> <span class='ocrx_word' id='word_1_310' title='bbox 188 3549 361 3627; x_wconf 90' lang='lat' dir='ltr'><strong>prolatoque</strong></span> <span class='ocrx_word' id='word_1_311' title='bbox 384 3548 498 3626; x_wconf 90' lang='lat' dir='ltr'><strong>peculio</strong></span> <span class='ocrx_word' id='word_1_312' title='bbox 527 3548 624 3627; x_wconf 89' lang='lat' dir='ltr'><strong>coepit</strong></span> <span class='ocrx_word' id='word_1_313' title='bbox 648 3565 752 3625; x_wconf 87' lang='lat' dir='ltr'><strong>rogare</strong></span> <span class='ocrx_word' id='word_1_314' title='bbox 777 3554 922 3626; x_wconf 90' lang='lat' dir='ltr'><strong>stuprum.</strong></span> <span class='ocrx_word' id='word_1_315' title='bbox 967 3548 1021 3606; x_wconf 90' lang='lat' dir='ltr'><strong>iam</strong></span> <span class='ocrx_word' id='word_1_316' title='bbox 1044 3565 1099 3625; x_wconf 93' lang='lat' dir='ltr'><strong>pro</strong></span> <span class='ocrx_word' id='word_1_317' title='bbox 1122 3549 1190 3608; x_wconf 90' lang='lat' dir='ltr'><strong>cella</strong></span> 
     </span>
     <span class='ocr_line' id='line_1_37' title="bbox 80 3631 1190 3711; baseline -0.002 -16"><span class='ocrx_word' id='word_1_318' title='bbox 80 3633 219 3695; x_wconf 87' lang='lat' dir='ltr'><strong>meretrix</strong></span> <span class='ocrx_word' id='word_1_319' title='bbox 239 3653 334 3694; x_wconf 91' lang='lat' dir='ltr'><strong>assem</strong></span> <span class='ocrx_word' id='word_1_320' title='bbox 359 3641 504 3711; x_wconf 86' lang='lat' dir='ltr'><strong>exegerat,</strong></span> <span class='ocrx_word' id='word_1_321' title='bbox 533 3634 589 3694; x_wconf 92' lang='lat' dir='ltr'><strong>iam</strong></span> <span class='ocrx_word' id='word_1_322' title='bbox 611 3633 658 3692; x_wconf 91' lang='lat' dir='ltr'><strong>ille</strong></span> <span class='ocrx_word' id='word_1_323' title='bbox 676 3631 749 3691; x_wconf 89' lang='lat' dir='ltr'><strong>mibi</strong></span> <span class='ocrx_word' id='word_1_324' title='bbox 769 3632 908 3692; x_wconf 88' lang='lat' dir='ltr'><strong>iniecerat</strong></span> <span class='ocrx_word' id='word_1_325' title='bbox 929 3650 1064 3704; x_wconf 89' lang='lat' dir='ltr'><strong>menum,</strong></span> <span class='ocrx_word' id='word_1_326' title='bbox 1086 3641 1115 3693; x_wconf 89' lang='lat' dir='ltr'><strong>et</strong></span> <span class='ocrx_word' id='word_1_327' title='bbox 1133 3633 1190 3693; x_wconf 91' lang='lat' dir='ltr'><strong>nisi</strong></span> 
     </span>
     <span class='ocr_line' id='line_1_38' title="bbox 80 3718 660 3797; baseline -0.005 -17"><span class='ocrx_word' id='word_1_328' title='bbox 80 3720 221 3780; x_wconf 86' lang='lat' dir='ltr'><strong>valentior</strong></span> <span class='ocrx_word' id='word_1_329' title='bbox 234 3719 369 3792; x_wconf 81' lang='lat' dir='ltr'><strong>fuissem,</strong></span> <span class='ocrx_word' id='word_1_330' title='bbox 387 3718 532 3778; x_wconf 91' lang='lat' dir='ltr'><strong>dedissem</strong></span> <span class='ocrx_word' id='word_1_331' title='bbox 550 3736 660 3797; x_wconf 89' lang='lat' dir='ltr'><strong>poenas</strong></span> 
     </span>
    </p>

    <p class='ocr_par' dir='ltr' id='par_1_5' title="bbox 627 3815 647 3855">
     <span class='ocr_line' id='line_1_39' title="bbox 627 3815 647 3855; baseline 0 -1"><span class='ocrx_word' id='word_1_332' title='bbox 627 3815 647 3855; x_wconf 71' lang='lat' dir='ltr'><strong>a</strong></span> 
     </span>
    </p>
   </div>
   <div class='ocr_carea' id='block_1_4' title="bbox 168 3887 1030 4023">
    <p class='ocr_par' dir='ltr' id='par_1_6' title="bbox 168 3887 1030 4023">
     <span class='ocr_line' id='line_1_40' title="bbox 168 3887 1030 3967; baseline -0.001 -18"><span class='ocrx_word' id='word_1_333' title='bbox 168 3889 240 3949; x_wconf 87' lang='lat' dir='ltr'><strong>adeo</strong></span> <span class='ocrx_word' id='word_1_334' title='bbox 256 3888 363 3967; x_wconf 91' lang='lat' dir='ltr'><strong>ubique</strong></span> <span class='ocrx_word' id='word_1_335' title='bbox 380 3906 484 3949; x_wconf 92' lang='lat' dir='ltr'><strong>omnes</strong></span> <span class='ocrx_word' id='word_1_336' title='bbox 500 3888 571 3958; x_wconf 89' lang='lat' dir='ltr'><strong>mibi</strong></span> <span class='ocrx_word' id='word_1_337' title='bbox 586 3887 760 3948; x_wconf 88' lang='lat' dir='ltr'><strong>videbantur</strong></span> <span class='ocrx_word' id='word_1_338' title='bbox 775 3887 904 3965; x_wconf 82' lang='lat' dir='ltr'><strong>satyrion</strong></span> <span class='ocrx_word' id='word_1_339' title='bbox 920 3887 1030 3948; x_wconf 90' lang='lat' dir='ltr'><strong>bibisse</strong></span> 
     </span>
     <span class='ocr_line' id='line_1_41' title="bbox 628 3985 649 4023; baseline 0 0"><span class='ocrx_word' id='word_1_340' title='bbox 628 3985 649 4023; x_wconf 75' lang='lat' dir='ltr'><strong>aa</strong></span> 
     </span>
    </p>
   </div>
   <div class='ocr_carea' id='block_1_5' title="bbox 79 4057 821 4144">
    <p class='ocr_par' dir='ltr' id='par_1_7' title="bbox 79 4057 821 4144">
     <span class='ocr_line' id='line_1_42' title="bbox 79 4057 821 4144; baseline -0.004 -25"><span class='ocrx_word' id='word_1_341' title='bbox 79 4120 87 4144; x_wconf 76' lang='lat'><strong>,</strong></span> <span class='ocrx_word' id='word_1_342' title='bbox 167 4059 273 4121; x_wconf 90' lang='lat' dir='ltr'><strong>iunctis</strong></span> <span class='ocrx_word' id='word_1_343' title='bbox 289 4058 399 4119; x_wconf 90' lang='lat' dir='ltr'><strong>viribus</strong></span> <span class='ocrx_word' id='word_1_344' title='bbox 415 4059 571 4119; x_wconf 92' lang='lat' dir='ltr'><strong>molestum</strong></span> <span class='ocrx_word' id='word_1_345' title='bbox 589 4057 821 4135; x_wconf 86' lang='lat' dir='ltr'><strong>contempsimus</strong></span> 
     </span>
    </p>
   </div>
   <div class='ocr_carea' id='block_1_6' title="bbox 0 0 1328 4710">
    <p class='ocr_par' dir='ltr' id='par_1_8' title="bbox 0 0 1328 4710">
     <span class='ocr_line' id='line_1_43' title="bbox 0 0 1328 4710; baseline 0 0"><span class='ocrx_word' id='word_1_346' title='bbox 0 0 1328 4710; x_wconf 95' lang='lat' dir='ltr'><strong> </strong></span> 
     </span>
    </p>
   </div>
  </div>
 </body>
</html>
