2646 4710
157 340 203 403 82·
629 336 784 390 rurnouu

158 492 284 571 quodam
309 491 373 552 visu
398 491 428 553 in
453 492 608 552 horrorem
634 490 790 569 perductus
812 489 990 567 interrogare
1010 489 1142 551 animum
1162 509 1261 552 meum

159 577 252 657 coepi,
267 594 303 638 an
318 595 386 638 vera
402 577 548 656 voluptate
562 575 713 636 fraudatus
729 593 839 635 essem:

257 671 344 723 nocte
359 661 522 742 soporifera
537 660 620 721 veluti
638 679 704 721 cum
720 660 836 721 somnia
851 659 956 721 ludunt

261 756 392 809 errantes
408 747 511 808 oculos
527 746 691 824 ellossaque
706 746 829 824 protulit
843 763 946 806 aurum

257 833 287 893 in
303 832 397 894 lucem
415 833 512 894 tellus:
528 838 624 892 versat
638 849 742 891 manus
758 830 892 910 improba
907 831 1016 891 lurtum

258 919 481 997 [thesaurosque
495 917 582 997 rapit,
598 916 689 977 sudor
705 935 820 995 quoqne
835 915 942 994 perluit
957 917 1015 992 ora]

208 1020 222 1067 5
258 1011 287 1063 et
301 1010 429 1064 mentem
444 1003 533 1063 timor
547 1002 621 1062 altus
637 1001 737 1074 hahet,
753 1019 790 1061 ne
804 1003 879 1062 forte
894 1008 1043 1079 gravatum

200 1122 203 1127 ·
257 1089 382 1150 excutiat
395 1088 539 1167 gremium
555 1087 658 1147 secreti
675 1087 810 1147 conscius
826 1085 902 1147 auri:

256 1192 327 1234 mox
342 1174 393 1234 ubi
406 1173 544 1251 fugerunt
559 1174 669 1233 elusam
686 1172 787 1250 gaudia
803 1178 931 1232 mentem

259 1276 384 1337 veraque
398 1259 495 1319 forma
510 1257 597 1329 redit,
614 1258 743 1330 animus,
760 1257 838 1336 quod
855 1254 993 1336 perdidit,
1008 1261 1089 1334 optat

257 1350 342 1423 atque
358 1345 388 1405 in
404 1343 557 1423 praeterita
573 1362 605 1404 se
618 1349 700 1404 totus
715 1342 841 1422 imagine
856 1347 951 1401 versat

697 1450 718 1490 e

237 1519 350 1605 ‘itaque
370 1527 427 1588 hoc
446 1527 566 1588 nomine
584 1525 637 1586 tihi
657 1524 763 1604 gratias
785 1544 854 1604 ago,
878 1525 957 1603 quod
977 1544 1024 1584 me
1044 1524 1191 1586 Socratica
1206 1526 1263 1586 fide

156 1611 260 1690 diligis.
284 1621 419 1673 nontam
436 1613 560 1673 intactus
577 1610 738 1671 Alcibiades
754 1611 783 1669 in
798 1611 998 1690 praeceptoris
1013 1610 1058 1670 sui
1073 1610 1148 1670 lecto
1163 1602 1264 1671 iacuit'

696 1719 716 1758 lb

88 1790 146 1850 129
237 1785 339 1854 ‘crede
360 1794 448 1867 mihi,
466 1795 568 1864 frater,
590 1813 650 1854 non
666 1792 792 1871 intelligo
808 1790 856 1853 me
871 1792 964 1857 virum
981 1812 1059 1867 esse,
1079 1811 1141 1854 non
1156 1793 1261 1855 sentio.

155 1880 288 1940 funerata
305 1887 349 1939 est
365 1879 410 1939 illa
425 1898 494 1959 pars
511 1879 654 1958 corporis,
670 1899 726 1958 qua
743 1878 891 1957 quondam
908 1879 1032 1939 Achilles
1048 1871 1140 1940 eram’

697 1988 718 2026 ss

240 2062 348 2122 veritus
370 2080 454 2140 puer,
474 2080 512 2122 ne
527 2064 556 2123 in
573 2070 684 2123 secreto
700 2061 900 2140 deprehensus
916 2061 998 2122 daret
1013 2061 1200 2123 sermonibus
1216 2063 1263 2122 lo-

155 2165 231 2217 cum,
248 2147 394 2225 proripuit
409 2167 440 2207 sc
456 2148 528 2207 etin
544 2156 655 2227 partem
672 2146 785 2207 aedium
802 2147 970 2207 interiorem
986 2147 1060 2226 fugit

700 2255 721 2292 dl·

241 2330 404 2391 cubiculum
432 2338 527 2391 autem
555 2348 654 2390 meum
675 2328 791 2408 Chrysis
818 2329 934 2390 intravit
960 2331 1167 2409 codicillosque
1190 2330 1262 2391 mihi

156 2414 292 2476 dominae
304 2435 373 2476 suae
384 2415 518 2487 reddidit,
531 2415 560 2474 in
572 2415 677 2493 quibus
689 2416 760 2475 haec
772 2423 855 2475 erant
870 2414 992 2494 scripta:
1006 2407 1103 2477 ‘Circe
1114 2416 1262 2496 Polyaeno

156 2501 287 2561 salutem.
313 2502 337 2561 si
353 2500 508 2561 libidinosa
520 2518 626 2572 essem,
643 2519 780 2579 quererer
792 2500 926 2579 decepta3
941 2502 1116 2562 nuncetiam
1129 2501 1263 2578 languori

155 2591 205 2644 tuo
221 2587 327 2663 gratias
344 2605 407 2664 ago.
435 2585 465 2646 in
481 2585 585 2646 umbra
602 2585 760 2664 voluptatis
776 2585 884 2646 diutius
897 2587 960 2646 lusi.
990 2587 1057 2666 quid
1073 2593 1169 2646 tanmn
1183 2603 1263 2662 agas,

155 2689 273 2748 quaero,
290 2678 319 2730 et
334 2690 369 2731 an
385 2671 442 2731 tuis
458 2670 582 2749 pedibus
600 2671 766 2749 perveneris
783 2671 918 2743 domuum
938 2680 1046 2748 negant
1061 2671 1138 2730 enim
1155 2670 1261 2732 medici

155 2756 218 2815 sine
234 2754 331 2816 nervis
346 2756 480 2817 homines
497 2755 643 2817 ambulare
660 2775 756 2834 posse.
787 2757 912 2816 narrabo
929 2757 990 2828 tibi,
1007 2757 1192 2828 adulescens,
1207 2775 1262 2834 pa-

154 2841 259 2918 ralysin
276 2859 352 2900 cave.
382 2859 541 2919 numquam
559 2861 613 2918 ego
630 2859 746 2919 aegrum
763 2849 821 2901 tam
838 2860 945 2919 magno
962 2841 1092 2919 periculo
1105 2840 1177 2915 vidi;
1197 2859 1261 2900 me-

155 2925 220 2984 dius
238 2925 324 2984 lidius
338 2925 394 2985 iarn
405 2926 520 3002 peristi.
537 2926 615 3002 quod
629 2927 654 2985 si
667 2927 742 2986 idem
755 2927 847 3002 frigus
860 2944 952 3002 genua
964 2944 1126 3003 manusque
1134 2934 1262 3004 tempta·

154 3009 227 3069 verit
242 3017 322 3080 tuas,
339 3009 405 3068 licet
419 3010 453 3068 ad
469 3009 611 3069 tubicines
627 3010 734 3071 mittas.
766 3010 833 3087 quid
850 3027 918 3087 ergo
935 3007 1001 3070 est?
1017 3010 1129 3070 etiamsi
1144 3029 1262 3089 gravem

154 3093 288 3155 iniuriam
310 3093 423 3172 accepi,
445 3093 557 3153 homini
571 3101 669 3154 tamen
686 3095 794 3155 misero
810 3112 869 3154 non
886 3095 1000 3155 invideo
1017 3095 1203 3156 medicinam.
1235 3096 1262 3156 si

155 3180 196 3240 vis
220 3198 309 3240 sanus
330 3198 411 3253 esse,
434 3177 570 3239 Gitonem
591 3198 670 3258 roga.
697 3180 833 3258 recipies,
853 3180 987 3258 inquam,
1008 3199 1113 3240 nervos
1133 3189 1215 3255 tuos,
1236 3180 1262 3241 si

154 3265 250 3325 triduo
268 3264 330 3324 sine
344 3265 434 3325 fratre
451 3264 615 3326 dormieris.
639 3284 707 3326 nam
724 3265 801 3345 quod
821 3266 855 3326 ad
874 3284 921 3324 me
939 3265 1062 3336 adtinet,
1082 3282 1143 3326 non
1159 3266 1260 3339 timeo,

154 3367 191 3409 ne
207 3350 272 3427 quis
289 3349 452 3410 inveniatur
467 3351 512 3410 cui
529 3351 625 3411 minus
642 3352 778 3430 placeam.
806 3369 860 3411 nec
872 3351 1023 3429 speculum
1036 3350 1108 3411 mihi
1120 3369 1173 3411 nec
1183 3351 1261 3412 fama

154 3435 301 3496 mentitur.
328 3436 397 3508 vale,
415 3436 439 3496 si
455 3426 558 3514 potes.³

239 3528 271 3581 ut
290 3521 429 3582 intellexit
444 3521 561 3601 Chrysis
581 3520 737 3599 perlegisse
758 3540 805 3581 me
825 3529 918 3582 totum
936 3522 1110 3592 convitium,
1133 3509 1261 3582 ‘solent’

154 3606 248 3688 inquit
259 3599 348 3669 ‘haec
363 3607 434 3708 fieri,
450 3616 478 3667 ct
493 3606 650 3685 praecipue
665 3606 695 3664 in
710 3607 764 3666 hac
776 3607 898 3680 civitate,
915 3608 943 3669 in
957 3627 1012 3687 qua
1025 3606 1160 3668 mulieres
1172 3607 1259 3668 etiam

154 3694 251 3755 lunam
269 3694 417 3754 deducunt

697 3802 716 3846 >b

235 3881 347 3970 ‘itaque
361 3890 449 3952 huius
466 3911 583 3973 quoque
598 3892 639 3953 rei
655 3912 722 3955 cura
738 3900 846 3973 agetur.
877 3894 1002 3958 rescribe
1018 3897 1106 3958 modo
1122 3895 1259 3958 blandius

153 3975 289 4039 dominae
304 3976 491 4057 animumque
507 3980 570 4041 eius
587 3979 707 4040 candida
722 3980 899 4042 humanitate
910 3982 1038 4046 restitue.
1068 4001 1168 4043 verum
1181 3983 1259 4044 enim
