2646 4710
609 339 766 394 Parnoull

278 496 347 576 quid
362 496 470 557 faciant
483 496 576 575 leges,
593 495 645 559 ubi
661 495 722 556 sola
737 495 860 574 pecunia
875 503 990 574 regnat,

319 590 369 642 aut
382 582 432 642 ubi
448 591 605 661 paupertas
620 582 735 642 vincere
750 581 827 641 nulla
843 579 963 660 potest?

278 667 334 746 ipsi
350 668 399 746 qui
415 667 520 746 Cynica
535 668 694 728 traducunt
707 674 840 745 tempora
855 685 939 746 para,

317 771 554 831 nonnumquam
570 753 699 813 nummis
715 753 841 812 vendere
855 770 920 812 vera
936 750 1040 812 solent

277 856 345 915 ergo
362 837 500 899 iudicium
516 838 587 898 nihil
602 847 649 898 est
662 839 718 898 nisi
734 837 848 915 publica
864 855 992 907 merces,
1142 855 1156 902 5

319 930 405 1000 atque
421 942 511 1001 eques
527 924 557 982 iu
574 941 660 984 causa
677 923 727 1001 qui
743 923 837 997 sedet,
853 930 950 1000 empta
966 915 1089 1000 probat'

220 1007 273 1067 sed
291 1015 407 1084 practer
422 1026 514 1068 unum
531 1009 718 1088 dipondium,
736 1026 793 1087 quo
806 1009 881 1068 cicer
893 1008 1069 1086 lupinosque
1080 1008 1248 1069 destinave-

133 1107 234 1151 ramus
250 1092 382 1163 mercari,
399 1093 470 1153 nibil
485 1093 519 1153 ad
536 1113 655 1154 manum
672 1099 742 1153 erat.
773 1093 869 1171 itaque
883 1111 921 1152 ne
933 1093 1049 1153 interim
1062 1094 1168 1172 praeda
1182 1095 1247 1154 dis-

135 1175 265 1248 cederet,
286 1178 331 1237 vel
355 1179 478 1238 minoris
498 1179 614 1257 pallium
632 1177 766 1238 addicere
781 1178 905 1256 placuit,
926 1186 959 1238 ut
974 1180 1100 1257 pretium
1123 1179 1247 1239 maioris

134 1262 301 1341 compendii
321 1263 412 1323 levior
431 1264 539 1325 faceret
560 1265 679 1324 iactura.
716 1281 781 1323 cum
805 1264 933 1341 primum
958 1282 1027 1341 crgo
1051 1263 1247 1342 explicuimus

134 1365 272 1419 mercem,
289 1348 392 1408 mulier
409 1356 512 1428 operto
530 1350 631 1428 capite,
647 1367 720 1426 quae
737 1368 802 1409 cum
819 1349 929 1410 rustico
947 1355 1079 1421 steterat,
1103 1350 1246 1428 inspectis

134 1431 299 1510 diligentius
322 1433 413 1509 signis
429 1434 527 1495 iniecit
542 1445 696 1513 utramque
711 1434 833 1495 laciniae
848 1453 969 1495 manum
985 1454 1149 1514 magnaque
1164 1435 1243 1496 voci-

133 1515 274 1580 feratione
285 1511 440 1580 latrones:
456 1511 559 1580 tenete'
576 1519 714 1580 clamavit.
746 1528 848 1581 contra
861 1539 916 1580 nos
929 1519 1098 1598 perturbati,
1113 1539 1149 1580 ue
1164 1521 1246 1580 vide-

133 1619 233 1663 remur
247 1603 318 1663 nibil
335 1622 433 1681 agere,
449 1612 477 1664 et
492 1606 549 1684 ipsi
565 1605 689 1666 scissam
705 1613 733 1666 et
749 1606 897 1665 sordidam
913 1612 1012 1666 tenere
1027 1607 1180 1684 coepimus
1196 1615 1246 1666 tu-

134 1688 228 1748 nicam
250 1696 335 1768 atquc
355 1690 455 1750 eadem
471 1691 579 1752 invidia
595 1691 790 1769 proclamare,
810 1699 910 1750 nostra
927 1710 994 1750 csse
1009 1691 1102 1769 spolia
1118 1710 1191 1770 quae
1206 1692 1247 1752 illi

134 1773 329 1851 possiderent.
359 1776 410 1835 sed
430 1776 511 1836 nullo
536 1794 640 1854 genere
660 1793 712 1855 par
727 1782 908 1837 erat'caussa
924 1783 1040 1848 nostra,
1063 1784 1092 1837 et
1107 1777 1246 1836 cociones
1275 1835 1277 1839 .

135 1860 184 1935 qui
204 1859 239 1919 ad
261 1859 417 1921 clamorem
440 1862 654 1933 confluxerant,
675 1869 806 1922 nostram
828 1860 938 1921 scilicet
957 1862 993 1921 de
1012 1880 1095 1921 more
1110 1862 1248 1922 ridebant

135 1942 288 2017 invidiam,
315 1947 393 2024 quod
413 1964 468 2025 pro
488 1946 533 2007 illa
556 1955 638 2025 parte
657 1946 842 2007 vindicabant
861 1946 1105 2025 pretiosissimam
1125 1954 1247 2019 vestem,

137 2048 191 2109 pro
205 2031 258 2090 bac
269 2032 444 2109 pannuciam
456 2050 493 2092 ue
505 2033 676 2093 centonibus
689 2031 806 2111 quidem
818 2032 906 2092 bonis
918 2032 1043 2108 dignam.
1068 2032 1245 2110 hincdscyl-

86 2116 119 2176 15
136 2122 182 2175 tos
191 2115 263 2176 bene
274 2116 366 2177 risum
380 2117 527 2189 discussit,
540 2119 589 2197 qui
602 2117 715 2178 silentio
727 2109 965 2178 facto‘videmus'
976 2110 1171 2194 inquit‘suam
1181 2117 1245 2176 cui-

137 2219 193 2278 que
213 2220 275 2261 rem
296 2199 361 2262 esse
382 2202 578 2275 carissimam;
597 2202 721 2262 reddant
741 2202 829 2262 nobis
844 2203 970 2262 tunicam
988 2209 1121 2262 nostram
1137 2209 1166 2262 et
1181 2203 1245 2279 pal-

135 2286 204 2346 lium
223 2305 308 2347 suum
325 2279 481 2367 recipiant.³
513 2287 567 2347 etsi
586 2286 697 2348 rustico
718 2285 889 2363 mulierique
909 2285 1039 2363 placebat
1057 2288 1244 2364 permutatio,

136 2370 266 2432 advocati
286 2383 385 2433 tamen
404 2374 460 2433 iam
482 2390 574 2451 paene
589 2371 740 2440 nocturni,
762 2371 810 2448 qui
825 2371 962 2431 volebant
977 2371 1096 2449 pallium
1112 2373 1184 2432 lucri
1199 2373 1213 2431 f
1229 2409 1244 2420 -

135 2475 214 2529 cere,
237 2458 404 2536 llagitabant
424 2457 464 2517 uti
484 2457 559 2536 apud
582 2476 614 2516 se
634 2464 755 2534 utraque
768 2453 991 2534 'deponerentur
1011 2475 1045 2517 ac
1059 2464 1180 2535 postero
1198 2458 1244 2519 die

134 2541 220 2604 iudex
239 2544 394 2623 querellam
414 2543 580 2620 inspiceret.
610 2558 705 2620 neque
725 2540 866 2604 enimres
881 2549 1005 2614 tantum,
1021 2560 1095 2622 quae
1109 2543 1243 2602 videren-

134 2635 190 2699 tur,
206 2628 234 2688 in
252 2627 480 2688 controversiam
497 2645 575 2695 esse,
598 2626 648 2686 sed
664 2627 749 2703 louge
765 2626 842 2687 aliud
859 2627 970 2706 quaeri,
986 2629 1105 2707 quadiu
1121 2636 1245 2706 utraque

134 2721 217 2791 parte
234 2714 342 2774 scilicet
356 2712 500 2773 latrocinii
516 2712 640 2791 suspitio
657 2710 820 2772 haberetur.
852 2713 908 2773 iam
924 2714 1065 2791 sequestri
1081 2713 1244 2792 placebant,

135 2806 163 2858 et
178 2799 277 2858 nescio
294 2799 358 2877 quis
372 2817 406 2857 ex
422 2797 602 2870 cocionibus,
620 2797 726 2868 calvus,
742 2797 983 2859 tuberosissimae
997 2798 1113 2871 frontis,
1130 2799 1179 2878 qui
1192 2818 1244 2859 so-

134 2882 211 2943 lebat
226 2883 380 2961 aliquando
398 2882 483 2942 etiam
501 2901 618 2942 caussas
634 2901 726 2961 agere,
742 2882 886 2942 invaserat
902 2882 1018 2960 pallium
1031 2883 1244 2945 exhibiturum-

135 2988 191 3049 que
211 2967 339 3029 crastino
361 2968 407 3029 die
427 2966 598 3028 affirmabat.
630 2976 755 3027 ceterum
778 2967 936 3044 apparebat
959 2967 1029 3027 nilril
1053 2968 1128 3028 aliud
1145 2972 1245 3046 quaeri

133 3054 190 3114 nisi
206 3061 238 3114 ut
254 3053 343 3114 semel
359 3052 490 3132 deposita
507 3053 594 3113 vestis
611 3051 686 3113 inter
701 3050 864 3131 praedones
880 3051 1123 3130 strangularetur,
1144 3062 1172 3115 et
1186 3072 1244 3118 nos

134 3147 214 3200 metu
230 3139 361 3199 criminis
376 3155 437 3199 non
454 3137 620 3199 veniremus
636 3138 671 3199 ad
689 3136 880 3199 constitutum

219 3313 295 3373 idem
316 3312 401 3391 plane
422 3319 450 3373 ct
471 3330 525 3373 nos
547 3309 725 3372 volebamus.
757 3309 853 3391 itaqua
869 3309 1020 3391 utriusquo
1037 3311 1128 3391 piaclis
1143 3323 1243 3376 votum

134 3418 219 3460 casus
235 3398 351 3459 adiuvit.
383 3397 548 3476 indignatus
565 3397 640 3459 roim
658 3394 800 3467 cristinus,
824 3396 902 3475 itarital
919 3414 975 3458 mm
992 3405 1145 3459 carrionem
1162 3402 1246 3461 exbi-

133 3483 262 3545 bendum
278 3483 509 3564 postularomus,
531 3481 607 3544 arisit
631 3479 659 3543 iu
681 3479 781 3543 liniam
799 3481 904 3562 dscplti
920 3481 1047 3544 tritticum
1064 3493 1090 3545 ot
1107 3483 1244 3548 liberatos

75 3595 81 3619 ν
134 3570 258 3649 querella
274 3569 361 3631 iussit
376 3569 493 3650 pallium
511 3567 665 3650 rlqrtrnaro,
682 3564 759 3647 quod
778 3564 873 3629 stilum
891 3565 968 3630 liuuu
986 3566 1107 3631 tadum

680 3659 699 3705 a

219 3742 248 3796 et
262 3742 448 3814 recuperato,
465 3742 496 3797 ut
512 3731 699 3815 putabamus.
716 3729 852 3795 tlraaouro
869 3730 897 3794 iu
914 3731 1114 3797 ‹liacorsarimn
1131 3738 1243 3817 pracci-

134 3822 209 3902 pites
225 3819 337 3882 abimus
355 3819 572 3903 praoclusiaquo
588 3815 700 3881 l'orllma
717 3814 811 3880 aldrao
827 3835 948 3882 ricinum
963 3835 1021 3882 raon
1036 3819 1131 3884 auium
1143 3823 1243 3884 corio-

133 3926 308 3987 numquam
325 3905 562 3970 calumniantium
580 3901 745 3986 «arqiinuu,
766 3898 844 3985 qumi
861 3902 946 3967 cirilla
963 3904 1072 3983 liipond
1092 3906 1244 3970 ealliditate

133 3993 287 4074 pecuniam
303 3991 499 4055 reddidissent
