2646 4710
538 361 680 416 saunas

156 517 374 596 thesaurosque
388 514 489 594 rapis‘?
519 517 615 578 nescis
630 525 661 578 tu
668 518 807 614 ,degne
822 518 897 578 tueri

155 603 306 665 Romanas
322 600 425 664 arces?
454 602 610 680 Epidamni
625 603 740 663 moenia
755 620 886 700 quaere

157 687 440 768 Thessalicosque'
417 706 499 748 sinus
514 688 644 749 humano
661 689 804 766 sanguine
819 678 946 790 tingue?

104 773 265 840 lacuum
280 782 326 836 est
339 773 369 834 in
384 773 483 847 terris,
498 772 635 853 quicquid
650 771 822 834 Discordia
815 762 910 834 russit'
1095 787 1144 839 295

599 869 619 911 a

140 962 208 1007 cum
229 943 301 1005 haec
319 942 482 1023 Eumolpos
502 943 611 1022 ingenti
632 942 805 1004 volubilitate
825 921 980 1004 verborum
1003 942 1161 1014 elludisset,

55 1028 176 1091 taudem
203 1027 332 1090 Crotona
356 1028 539 1089 intravimus.
582 1028 629 1088 ubi
656 1028 772 1107 quidem
804 1047 892 1109 parvo
920 1028 1087 1088 deversorio
1115 1047 1159 1088 re-

53 1113 138 1186 fecti,
160 1121 280 1194 postero
301 1112 348 1174 die
366 1113 517 1193 amplioris
532 1112 666 1174 fortunae
681 1115 802 1174 donrum
820 1120 991 1192 quaerentes
1008 1113 1163 1174 incidimus

54 1199 86 1261 in
101 1198 220 1263 turbam
236 1197 467 1278 heredipetarum
490 1199 716 1272 sciscitantium,
737 1199 815 1278 quod
835 1217 927 1277 genus
943 1198 1097 1259 bominum
1114 1205 1164 1260 aut

54 1285 135 1348 unde
149 1285 324 1347 veniremus.
354 1302 388 1344 ex
404 1283 583 1363 praescripto
600 1303 668 1362 ergo
686 1284 798 1345 consilii
814 1284 981 1346 communis
993 1292 1163 1362 exaggerate

56 1370 213 1433 verborum
229 1368 419 1441 volubilitate,
439 1369 519 1430 unde
536 1377 586 1430 aut
601 1370 650 1448 qui
664 1388 806 1441 essemus,
823 1370 898 1430 baud
916 1370 1003 1430 dubie
1019 1368 1163 1430 credenti-

55 1456 113 1524 bus
133 1454 333 1516 indicavimus.
379 1455 428 1532 qui
449 1454 545 1515 statim
569 1474 641 1533 opes
658 1473 726 1516 suas
743 1473 861 1515 summo
878 1473 944 1516 cum
960 1455 1118 1515 certamine
1133 1454 1162 1514 in

55 1540 236 1620 Eumolpum
248 1547 459 1619 congesserunt

142 1710 272 1773 certatim
289 1727 393 1771 omnes
408 1709 590 1789 heredipetae
605 1710 777 1772 muneribus
792 1711 913 1789 gratiam
929 1710 1065 1790 Eumolpi
1081 1709 1163 1771 solli-

56 1797 147 1861 citant
859 1831 861 1837 .

143 1963 213 2028 dum
229 1965 301 2026 baec
317 1982 423 2042 magno
437 1973 571 2044 tempore
586 1894 713 2027 Ebotone
727 1967 862 2043 aguntur]
879 1972 908 2026 et
921 1965 1084 2044 Eumolpus
1099 1964 1233 2027 teli-125

56 2050 143 2113 citete
169 2050 274 2131 plenus
294 2049 401 2130 prioris
420 2050 558 2111 fortunae
577 2059 658 2111 esset
678 2049 785 2112 oblitus
806 2058 913 2112 statum
934 2051 1022 2123 adeo,
1049 2059 1082 2111 ut
1100 2050 1163 2112 suis

55 2136 191 2208 iactaret,
207 2133 354 2196 neminem
370 2134 477 2213 gratiae
493 2153 562 2196 suae
577 2136 616 2197 ibi
631 2153 721 2214 posse
735 2135 874 2197 resistere
888 2137 1065 2216 impuneque
1080 2153 1162 2206 suos,

57 2220 83 2282 si
103 2220 175 2300 quid
195 2220 387 2300 deliquissent
401 2220 430 2281 in
445 2240 477 2281 ea
494 2221 580 2292 urbe,
601 2221 742 2282 beneficio
758 2219 919 2283 amicorum
934 2222 1055 2283 laturos.
1087 2227 1163 2282 cete·

58 2324 125 2368 rum
141 2324 212 2385 ego,
232 2306 285 2367 etsi
301 2305 432 2385 quotidie
447 2305 539 2384 magis
556 2307 706 2386 magisque
722 2306 969 2385 superfluentibus
984 2306 1070 2369 bonis
1086 2306 1164 2402 sagi·

58 2397 160 2453 natum
181 2409 290 2470 corpus
309 2391 493 2471 impleveram
516 2392 711 2470 putabamque
732 2411 747 2453 3
767 2393 899 2453 custodia
920 2391 976 2453 mei
1002 2391 1165 2453 removisse

58 2476 169 2537 vultum
185 2476 356 2550 Fortunam,
372 2484 469 2536 tamen
485 2477 601 2579 saepius
617 2486 674 2537 tam
691 2477 931 2537 consuetudinem
945 2496 1039 2538 meam
1053 2477 1163 2553 cogita-

57 2561 125 2622 bam
146 2578 234 2658 quem
250 2580 397 2633 caussam,
418 2569 447 2622 et
458 2554 554 2641 ‘quid'
568 2551 700 2622 aiebam
707 2562 732 2622 si
749 2561 867 2623 callidus
883 2569 978 2640 captat
979 2580 1014 2622 or
1028 2562 1164 2641 explora·

56 2654 155 2707 torem
175 2645 350 2708 indivisam
370 2647 482 2707 miserit
501 2648 743 2726 mendaciumque
763 2646 986 2725 deprehenderit
1005 2643 1164 2707 nostrum?

57 2730 175 2810 quidsi
186 2731 273 2792 etiam
287 2731 503 2793 mercennarius
514 2732 668 2811 [Eumolpi]
678 2740 823 2811 praesenti
802 2732 951 2793 tifelicitat
939 2740 967 2792 e
979 2733 1074 2792 lassus
1086 2731 1164 2793 indi·

57 2815 135 2877 cium
155 2817 191 2877 ad
212 2817 322 2878 amicos
345 2818 392 2878 det
394 2817 539 2878 ulerittot
495 2825 645 2895 totamque
663 2816 803 2877 fallaciam
829 2817 970 2877 invidiosa
995 2816 1164 2896 proditione

58 2898 225 2963 detexerit?
259 2921 365 2981 nempe
395 2921 497 2963 rursus
528 2901 698 2981 fugiendum
725 2901 820 2962 erite
820 2904 973 2963 ttandem
1001 2909 1164 2982 expugnata

57 2993 215 3066 paupertas
230 3005 304 3048 nova
321 2988 458 3048 mendicit
447 2994 506 3049 3333
521 2987 690 3048 revocanda.
720 2987 759 3047 dii
776 2910 910 3066 deaeque,
927 3007 1013 3066 quam
1030 2988 1165 3049 malet
1119 2994 1165 3048 333

57 3080 139 3132 extra
152 3071 285 3173 legem
261 3080 358 3133 vivent
345 3072 438 3133 tibus:
455 3073 591 3152 quicquid
606 3081 784 3147 meruerunt,
801 3091 919 3152 semper
933 3063 1094 3154 expectant

600 3174 620 3215 3

141 3232 223 3320 ‘quia
243 3242 321 3303 nosti
341 3261 478 3303 venerem
499 3250 592 3315 tuam,
613 3242 780 3321 superbiam
802 3250 901 3321 captas
922 3244 1081 3322 vendisque
1101 3262 1164 3303 arn·
1150 3245 1234 3308 -126

58 3325 176 3404 plexus,
196 3344 258 3388 nou
279 3329 460 3388 commodes.
492 3345 550 3405 qno
571 3289 648 3387 ebim
670 3335 803 3406 spectant
822 3329 910 3390 tlexae
925 3329 1038 3408 pectine
1055 3346 1164 3401 comae,

58 3429 117 3489 quo
131 3410 221 3472 facies
237 3411 429 3473 medicamine
443 3412 536 3472 attrita
553 3420 582 3473 et
597 3413 747 3474 oculorum
761 3431 877 3492 quoque
889 3415 985 3475 mollis
997 3413 1163 3493 petulantia,

60 3514 118 3575 quo
141 3495 273 3558 incessus
294 3497 365 3557 scite
385 3498 568 3575 compositus
589 3506 617 3558 et
635 3517 673 3559 ne
695 3498 809 3576 vestigia
826 3498 943 3577 quidem
960 3500 1068 3578 pedum
1085 3508 1165 3559 extra

59 3599 228 3643 mensuram
246 3581 417 3652 aberrantia,
433 3582 489 3642 nisi
505 3583 584 3661 quod
599 3584 726 3644 formam
742 3583 905 3662 prostituis,
923 3593 955 3644 ut
969 3580 1101 3644 vendas?
1120 3585 1164 3644 vi-

59 3666 112 3726 des
128 3684 187 3730 me:
203 3684 260 3728 333
270 3668 388 3745 auguria
401 3667 470 3728 novi
483 3686 537 3730 nec
548 3668 820 3729 matbematicorum
835 3670 944 3730 caelum
957 3687 1058 3730 curare
1072 3669 1163 3741 soleo,

58 3771 92 3812 33
108 3751 233 3813 vultibus
247 3760 345 3813 tamen
361 3752 514 3813 bominum
530 3772 628 3815 mores
644 3753 760 3831 colligo,
782 3764 891 3816 etcum
907 3756 1081 3834 spatiantem
1099 3753 1165 3828 vidi,

59 3837 127 3915 quid
148 3839 255 3915 cogitet
274 3838 344 3898 scio.
376 3838 436 3898 sive
456 3857 525 3917 ergo
544 3840 631 3900 nobis
646 3839 746 3899 vendis
761 3840 840 3917 quod
856 3847 935 3919 peto,
952 3847 1096 3900 mercator
1112 3858 1165 3917 pa-

57 3930 138 3984 ratus
153 3929 212 3993 est,
229 3922 289 3984 sive
304 3923 382 4002 quod
400 3922 557 3984 humanius
572 3933 625 3996 est,
642 3924 827 3993 commodas,
848 3925 930 3986 ellice
945 3933 977 3986 ut
991 3924 1165 3987 beneficium

59 4007 229 4071 debeamus.
261 4026 330 4070 nam
347 4009 427 4088 quod
443 4025 560 4071 servum
574 4018 603 4072 33
618 4017 647 4071 33
661 4010 800 4072 humilem
811 4009 920 4084 tuteris,
936 4010 1072 4072 accendis
1085 4010 1165 4072 desi·
