2646 4710
309 1127 626 1251 eoauaasaes
648 1174 961 1248 evacuatae

247 1329 482 1402 auronae
508 1324 734 1399 assaraco
761 1323 1038 1396 couneus]
1118 1384 1137 1416 ,

618 1477 652 1547 s.

178 1774 277 1848 Voluit
292 1787 433 1848 librarius
448 1785 668 1861 honestissimus,
685 1788 735 1863 qui
748 1796 865 1846 saturos
875 1785 1004 1847 Petronii
1017 1805 1054 1846 eac
1065 1805 1128 1847 mea
1139 1805 1188 1847 re-

83 1876 212 1934 censione
227 1872 432 1933 euscm'benclas
447 1874 521 1949 tppis
537 1873 659 1939 curauit,
675 1871 763 1930 simul
773 1873 896 1930 minoris
907 1881 932 1931 et
941 1873 1056 1950 formae
1068 1881 1093 1931 et
1101 1875 1191 1951 pretii

81 1958 233 2039 euemplor
257 1959 380 2037 prodire
394 1960 426 2016 in
437 1955 597 2034 publicum·
610 1960 785 2034 praesertim
797 1975 861 2016 eum
872 1955 916 2015 bic
936 1955 947 2015 l
953 1955 1009 2016 'ber
1027 1957 1077 2016 eliu
1092 1956 1188 2034 aeple-

83 2054 143 2105 ctus
164 2062 181 2104 a
200 2043 299 2103 multis
314 2042 395 2103 boelio
410 2044 561 2119 ipreoremr
581 2050 630 2100 aut
646 2052 719 2101 certe
734 2058 794 2100 aton
813 2044 853 2101 ita
873 2040 1022 2119 elilipenter
1036 2041 1189 2102 evolvatur

82 2138 108 2190 et
123 2129 269 2200 lectitetur,
284 2137 318 2188 ut
331 2129 462 2188 convenit
476 2126 577 2186 studiis
589 2125 753 2186 litterarum
765 2130 951 2204 antiquorum
963 2136 989 2186 et
998 2125 1188 2188 historiarum

83 2225 165 2292 atque
184 2217 274 2292 ipsius
288 2211 420 2273 Petronii
437 2214 560 2288 inpem'o.
590 2221 654 2270 erat
668 2214 743 2271 euim
758 2210 841 2271 bomo
858 2214 989 2289 puomois
1003 2214 1034 2270 in
1049 2215 1125 2271 uitiis
1141 2212 1189 2272 la-

81 2316 138 2360 nus
161 2309 243 2376 atque
261 2300 396 2376 r'praaoiae
415 2298 564 2377 fastidiose
586 2306 731 2367 uersatus,
755 2295 925 2356 liberalibus
939 2305 1035 2356 tomen
1051 2297 1190 2358 doctrinis

82 2383 269 2461 omnibusque
297 2382 409 2444 ortibus
435 2385 538 2441 eaimie
562 2381 704 2452 eraclitus,
725 2399 832 2459 mapna
853 2380 992 2461 facultate
1012 2385 1145 2443 oratoria
1164 2393 1191 2444 et

77 2471 191 2546 poetica
210 2471 379 2536 instructus,
401 2469 466 2526 ocri
483 2465 634 2544 subtilique
652 2467 758 2527 iuclicio
779 2477 804 2526 et
824 2466 919 2546 lepore
940 2485 974 2526 ae
993 2465 1052 2527 sale
1071 2467 1186 2529 urbano

77 2551 167 2631 plane
192 2551 448 2629 incomparabilis:
476 2552 514 2610 acl
539 2569 695 2619 summam,
715 2554 864 2628 inpeniosa
883 2561 909 2610 et
927 2550 1050 2629 elepouti
1062 2555 1188 2631 aequitio

80 2653 164 2696 nemo
188 2654 253 2695 eiam
274 2653 404 2713 tauquam
426 2639 582 2713 superavit.
612 2634 698 2694 talem
716 2639 806 2712 ipitur
827 2635 891 2695 Tibi
908 2640 1078 2714 scriptorem
1097 2641 1187 2711 mitto,

84 2724 136 2801 qui
153 2723 239 2781 etiam
257 2723 284 2779 si
297 2720 501 2779 oereeuucliam
515 2718 605 2778 Tuam
619 2737 678 2778 iton
692 2738 842 2798 rtureqtcam
862 2721 988 2791 laeserit,
1012 2720 1075 2781 Tibi
1092 2732 1188 2783 tamen

77 2824 135 2885 pro
161 2815 264 2875 nostro
287 2807 413 2865 amicitia
433 2804 479 2863 oel
499 2805 561 2864 icleo
584 2805 787 2864 retractandus
805 2806 940 2866 oicleatur
959 2807 1035 2885 quob
1054 2825 1118 2867 eum
1138 2826 1187 2886 epo

58 2908 140 2951 ‘nou
162 2889 332 2950 aversabor.
364 2892 512 2967 conspirat
534 2898 628 2949 aretem
647 2888 700 2948 boc
720 2890 871 2968 enemplar
890 2901 984 2969 utpote
1003 2894 1102 2953 eaclem
1119 2911 1188 2953 eon-

79 2976 186 3054 feetum
205 2984 341 3053 typorum
362 2977 563 3052 compositione
583 2983 694 3034 tantum
714 2993 773 3035 non
793 2980 824 3035 ire
840 2975 971 3036 omnibus
988 2995 1052 3036 cum
1068 2979 1188 3038 editione

81 3063 197 3120 maiori.
224 3078 325 3137 nempe
338 3058 516 3138 ali'paotiens
531 3077 584 3137 quo
597 3060 700 3119 melius
710 3061 810 3120 usibus
819 3064 1016 3140 prospicerem
1028 3062 1188 3140 lepentium,

81 3163 225 3206 arcessere
240 3148 336 3205 oisum
351 3154 392 3205 est
405 3163 442 3203 eae
456 3147 532 3204 reotis
548 3144 666 3204 alterius
681 3146 812 3205 editionis
829 3147 1038 3206 emendationes
1050 3148 1188 3218 oliorum,

80 3247 152 3308 puae
172 3231 286 3308 quibem
305 3247 391 3288 uerae
412 3240 463 3288 aut
482 3231 638 3288 aelmoclum
658 3233 723 3288 veri
743 3231 849 3290 similes
863 3232 1044 3303 uiderentur,
1066 3244 1093 3293 et
1111 3251 1189 3294 ineas

79 3332 138 3375 non
158 3314 258 3373 nullas
279 3313 402 3374 adsensu
422 3314 598 3391 approbatos
619 3313 729 3373 Ottonis
744 3312 854 3385 labari,
876 3319 926 3394 pai
943 3320 991 3376 vir
1007 3316 1189 3378 libentissime

80 3399 221 3460 recordor
235 3410 341 3477 quanto
359 3417 442 3477 opere
458 3416 565 3457 reooam
581 3397 654 3458 blatea
670 3408 695 3460 et
710 3408 741 3458 ut
753 3417 835 3477 spero
849 3401 1102 3478 praestabiliorem
1119 3421 1189 3462 con-

78 3486 286 3563 formationem
300 3483 430 3543 Petronii
450 3484 602 3543 aliiaoerit.
628 3501 726 3560 pauca
747 3488 831 3544 etiam
846 3487 1002 3545 seeundum
1018 3486 1109 3546 libros
1124 3507 1189 3547 ma-

78 3573 243 3648 nuscriptos
261 3571 375 3631 mntaoi
393 3586 464 3647 quae
484 3567 531 3627 oel
548 3571 664 3646 potiora
684 3587 742 3629 esse
762 3569 809 3629 ael
828 3569 993 3631 tolerabilia
1004 3573 1189 3650 postmoclum

79 3653 291 3725 intelleooeram,
308 3652 387 3713 uelut
401 3653 624 3730 dupundaarius
636 3670 694 3731 pro
711 3654 931 3732 duponduorius
948 3673 1107 3734 conpruere
1118 3657 1191 3718 mibi

78 3755 156 3798 nome
172 3741 309 3817 persuasi
326 3741 358 3798 in
377 3741 518 3797 rusticum
535 3737 677 3797 colliberti
692 3737 715 3796 T
713 3739 893 3800 rimalcionis
907 3759 1077 3801 sermonem.
1106 3743 1191 3803 nolui

79 3832 174 3882 tomen
189 3822 301 3899 lonpi'us
312 3823 456 3902 proprele’
471 3841 557 3900 qaam
573 3832 657 3882 coacta
669 3831 695 3882 et
706 3827 828 3901 capitata
843 3828 919 3886 ratio
933 3826 1104 3904 postularet,
1121 3829 1188 3904 quia

78 3906 168 3967 multo
180 3907 376 3987 periculosius
391 3907 563 3967 arbitrabar
574 3925 677 3967 errare
689 3911 739 3986 aui
749 3909 931 3987 eaemplario
946 3914 1097 3990 scriptoris
1110 3929 1188 3974 com-

78 3994 162 4052 muni
176 3994 244 4054 sesai
259 3993 399 4053 destinata
409 3991 619 4070 interpolarent
631 3995 801 4054 coniecturis
811 3997 927 4056 incertis
939 4015 1026 4078 queam
1038 3998 1088 4078 qut
1096 4015 1188 4060 anam
