2646 4710
142 372 182 435 68
613 369 769 424 ιιιιιοιιιι

142 543 194 587 ιιι
213 524 400 586 convertebat
418 524 476 586 hue
496 523 566 586 illuc
586 523 743 586 obnoxiam
759 531 864 596 ratem,
885 529 914 583 et
928 524 1007 602 quod
1024 523 1161 584 omnibns
1176 542 1248 603 pro-

143 609 221 673 cellis
242 609 434 690 periculosius
456 617 531 684 erat,
549 616 609 670 tam
631 611 745 689 spissae
764 615 916 690 repentet
903 608 1038 669 tenebrae
1060 607 1153 669 lucem
1174 627 1249 688 sup-

144 703 321 777 presserant,
336 703 420 757 utne
435 713 555 775 proram
572 694 689 774 quidem
704 703 796 756 totam
812 694 991 773 gubemetor
1006 694 1123 755 videret
1153 694 1249 773 itaque

141 781 273 843 hercules
294 788 450 877 postquam
472 779 625 841 manifesta
644 797 664 838 ι
685 779 843 854 convaluit,
862 779 966 839 Lichas
985 778 1135 859 trepidans
1151 779 1187 839 ad
1204 798 1250 840 mc

142 866 263 947 supinas
278 866 402 945 porrigit
417 883 522 926 manus
537 857 585 925 et
595 856 641 926 tu'
655 866 751 944 inquit
761 828 913 944 Ἓιιιόιρι,
928 882 1067 926 succurre
1082 864 1249 944 periclitan-

140 952 234 1026 tibus,
252 951 281 1012 id
300 959 345 1012 est
364 959 474 1011 vestem
493 950 571 1011 illam
591 950 718 1011 divinam
738 951 919 1052 sistrumque
934 951 1023 1012 redde
1042 951 1168 1029 navigio.
1192 968 1250 1029 per

143 999 242 1108 iidem,
258 1035 408 1108 miserere,
425 1036 671 1115 quemadmodum
688 1038 805 1115 quidem
821 1026 917 1097 soles.²

227 1128 256 1182 et
270 1121 350 1183 illum
365 1121 490 1218 quidem.
499 1121 730 1182 vociferantem
723 1140 752 1182 ιιι
768 1140 848 1182 mare
862 1127 966 1182 ventus
982 1120 1121 1193 excussit,
1142 1120 1249 1199 repeti-

142 1212 264 1286 tumque
285 1206 393 1267 infesto
410 1207 520 1302 gurgite
535 1207 661 1285 procella
679 1207 848 1286 circumegit
863 1214 948 1284 atque
962 1204 1068 1265 hausit
1098 1205 1250 1285 Tryphae·
1284 1282 1289 1291 ff

92 1349 95 1359 ,
142 1308 211 1352 nam
232 1299 328 1352 autem
348 1310 442 1370 prope
462 1291 568 1352 iam..
585 1292 945 1372 .tidelissimirapuerunt
959 1290 1050 1362 servi,
1066 1292 1251 1387 scaphaeque

142 1376 312 1456 impositam
339 1395 406 1438 cum
431 1376 556 1438 maxima
583 1378 761 1440 sarcinarum
787 1385 870 1458 parte
900 1376 1046 1438 abduxere
1070 1373 1251 1437 certissimae

143 1461 233 1523 morli

682 1557 702 1597 ιι

229 1631 382 1710 applicitus
400 1651 467 1692 cum
483 1633 607 1693 clamore
622 1632 687 1692 llevi
699 1639 727 1692 et
738 1623 825 1693 ‘hoo’
841 1633 959 1710 inquam
971 1622 999 1692 ‘a
1011 1631 1066 1692 diis
1079 1631 1250 1705 meruimus,

142 1723 176 1777 ut
190 1732 246 1776 nos
263 1715 324 1776 sola
339 1723 435 1777 morte
450 1714 682 1796 coniungerent?
698 1717 750 1778 sed
765 1735 826 1778 non
841 1718 965 1778 crudelis
976 1717 1096 1778 fortuna
1108 1717 1249 1778 coneedit.

142 1819 210 1862 ecce
224 1800 281 1861 iam
297 1809 389 1861 ratem
403 1803 510 1863 lluctus
526 1809 643 1875 evertet,
659 1820 725 1863 ecce
740 1804 797 1863 iam
810 1803 959 1882 amplexus
971 1802 1130 1864 amantium
1143 1802 1250 1864 iratum

142 1885 351 1947 dividetmare.
381 1886 483 1966 igitur,
499 1887 523 1947 si
539 1905 605 1948 vere
620 1887 782 1984 Encolpion
798 1889 931 1960 dilexisti,
947 1889 982 1948 da
999 1887 1111 1990 oscula,
1128 1888 1249 1948 dumli-

142 1979 197 2045 oet,
214 1982 240 2033 et
253 1972 388 2033 ultinmm
403 1973 461 2034 hoc
475 1973 611 2051 gaudium
627 1973 677 2035 ιιι
656 1980 695 2034 trs
710 1973 937 2053 properantibus
952 1964 1040 2052 rape?
1069 1973 1141 2034 haee
1152 1981 1185 2034 ut
1194 1991 1249 2052 ego

142 2056 216 2128 dixi,
239 2055 327 2119 Giton
347 2066 456 2118 vestem
477 2058 626 2139 deposuit,
645 2076 767 2139 meoque
789 2060 885 2120 tunica
906 2066 1056 2120 contectus
1076 2057 1189 2119 exeruit
1213 2057 1248 2119 ad

144 2103 277 2203 oscdlum
293 2150 389 2221 caput
421 2149 449 2203 et
464 2161 502 2203 ne
516 2146 560 2204 sic
575 2144 763 2204 cohaerentes
779 2145 932 2246 malignior
946 2145 1052 2205 lluetus
1064 2142 1249 2219 distraheret,

143 2233 289 2328 utrunque
315 2245 390 2288 zona
410 2227 644 2289 circumvenienti
665 2229 827 2308 praecinxit
852 2219 905 2290 et‘
914 2229 938 2290 si
961 2229 1032 2290 nihil
1054 2229 1146 2302 eliud,
1172 2236 1250 2290 certe

142 2303 265 2372 diutius’
280 2311 375 2391 inquit
386 2305 518 2373 ‘iunctos
534 2331 590 2374 nos
606 2332 686 2374 mare
701 2314 782 2386 leret,
798 2312 879 2374 vel
856 2333 881 2374 ιι
897 2313 1019 2375 voluerit
1032 2314 1201 2375 misericors
1213 2313 1249 2375 ad

142 2396 219 2457 idem
234 2397 301 2457 litus
318 2396 467 2477 expellere,
483 2407 533 2459 aut
547 2399 725 2495 praeteriens
742 2398 871 2496 aliquist
859 2400 951 2460 ttrala
932 2400 997 2460 troia
1013 2400 1194 2460 humanitate
1208 2399 1250 2460 la-

141 2482 269 2561 pidabit,
294 2491 345 2543 aut
365 2485 444 2586 quqd
467 2484 669 2546 ultimumt
624 2491 669 2545 est
689 2483 769 2545 iratis
791 2484 877 2545 etiam
897 2485 1049 2557 lluetibus,
1076 2484 1250 2562 imprudens

143 2584 229 2628 arena
251 2560 425 2647 componet.>
456 2577 505 2649 pet
506 2569 552 2630 ior
571 2589 624 2648 ego
644 2569 859 2632 vinculumt
811 2590 845 2631 ex
846 2577 989 2643 t,remum
1016 2577 1046 2630 ιι
1065 2568 1153 2630 veluti
1174 2568 1249 2630 lecto

142 2652 258 2713 funebri
279 2660 394 2733 aptatus
414 2663 534 2733 expecto
504 2655 713 2715 t'mortem
706 2674 764 2715 ram
778 2673 840 2717 non
856 2655 1020 2716 molestam
1050 2655 1160 2751 peragit
1174 2653 1250 2714 inte-

142 2738 199 2798 rim
214 2745 373 2818 tempestas
389 2741 525 2802 mandata
540 2742 666 2802 latorum
682 2759 845 2821 omnesque
856 2741 991 2820 reliquias
1003 2741 1083 2801 navis
1095 2747 1249 2818 expugnet.

143 2841 205 2884 non
221 2823 309 2883 arbor
323 2832 384 2885 erat
398 2825 505 2897 relicta,
522 2843 583 2887 non
600 2825 806 2904 gubernacula,
822 2844 882 2887 non
897 2826 977 2887 funis
994 2833 1044 2886 aut
1058 2843 1175 2901 remus,
1196 2825 1250 2886 sed

143 2907 226 2987 quasi
241 2907 323 2969 rudis
339 2915 424 2988 atque
438 2910 543 2970 infecta
558 2912 692 2972 materies
708 2911 767 2973 ibat
781 2930 848 2973 cum
863 2911 1000 2972 fluetibus

682 3007 703 3045 ιι·
1180 3045 1184 3049 .

228 3095 402 3156 procurrere
422 3077 582 3157 piscatores
602 3080 729 3159 parvulis
751 3079 877 3159 expediti
903 3079 1024 3158 navigiis
1051 3079 1086 3141 ad
1112 3080 1250 3159 praedam

143 3161 323 3242 replendam.
354 3161 458 3224 deinde
473 3170 505 3225 ut
520 3165 632 3243 aliquos
648 3164 791 3238 viderunt,
811 3164 860 3244 qui
876 3184 945 3228 suas
962 3185 1035 3244 opes
1051 3165 1249 3238 defenderent,

144 3255 328 3310 mutaverunt
344 3248 542 3311 crudelitatem
558 3250 588 3311 in
603 3250 741 3313 auxilium

682 3349 703 3387 ιι·

78 3419 136 3480 115
229 3416 363 3479 audimus
384 3438 519 3481 murmur
538 3420 690 3482 insolitum
710 3427 738 3481 et
758 3420 811 3483 sub
832 3420 926 3482 diaeta
946 3421 1077 3501 magistri
1098 3421 1182 3501 quasi
1197 3442 1249 3485 cu·

144 3502 250 3582 pientis
276 3503 353 3564 exire
375 3504 474 3567 beluae
495 3505 643 3584 gemitum.
677 3506 823 3586 persecuti
845 3507 931 3585 igitur
950 3526 1056 3569 sonum
1082 3507 1249 3570 invenimus

143 3588 321 3685 Eumolpum
352 3589 500 3651 sedentem
525 3590 772 3688 membranaeque
797 3591 906 3669 ingenti
885 3599 1032 3653 tiversus
1059 3593 1249 3669 ingerentem

144 3673 240 3734 mirati
255 3692 334 3751 ergo,
351 3674 430 3752 quod
445 3673 484 3734 illi
500 3683 614 3736 vacaret
628 3677 658 3736 in
674 3676 777 3737 vicinia
791 3676 896 3738 mortis
913 3696 1016 3757 poema
1031 3677 1136 3748 faeere,
1152 3686 1250 3739 extra-

64 3791 67 3794 <
144 3757 241 3819 bimus
258 3758 429 3818 clamantem
445 3759 636 3862 iubemusque
651 3761 757 3823 bonam
774 3761 881 3822 habere
892 3770 973 3823 ment
974 3782 1029 3823 em.
1061 3763 1165 3824 atille
1157 3771 1249 3824 mter·

144 3843 284 3939 peilatus
282 3835 496 3905 excanduit
449 3852 477 3904 e
504 3845 574 3906 sinit
576 3865 654 3907 eme
680 3847 776 3926 inquit
787 3838 979 3910 ‘sententiam
995 3848 1127 3927 explere,
1138 3847 1250 3909 laborat

145 3945 262 3989 carmen
276 3926 306 3988 in
321 3919 402 3988 line’.
431 3929 517 3991 inicio
533 3950 587 4009 ego
602 3932 772 4010 phrenetico
788 3950 907 3995 manum
924 3934 1069 4013 iubeoque
1080 3932 1184 3992 Gitona
1200 3951 1249 3994 ιι-

145 4013 245 4074 cedere
260 4021 289 4073 et
303 4013 333 4074 in
348 4020 454 4076 terram
469 4017 584 4078 trahere
598 4025 717 4096 poetam
733 4037 800 4079 ιιιιιο
786 4018 910 4098 ientem
