2646 4710
567 362 710 417 sarram
1150 378 1192 439 55

84 518 179 586 verat,
197 513 391 593 favebamque
409 533 463 593 ego
478 517 632 595 vapulanti.
662 517 749 580 Giton
765 527 935 584 autemnon
951 524 1059 587 oblitus
1074 528 1192 590 miseri-

82 598 203 659 cordiae
217 617 287 659 suae
302 601 492 661 reserandum
506 621 572 661 esse
587 603 695 664 ostium
712 607 1003 688 succurrendumque
1016 613 1191 689 periclitanti

83 683 230 745 censebat.
253 702 306 762 ego
317 685 439 746 durante
451 687 546 747 adhuc
556 687 703 749 iracundia
715 708 774 751 non
787 693 918 753 continui
929 712 1061 769 manum,
1075 698 1127 758 sed
1140 717 1190 759 ca·

82 775 138 848 put
146 767 316 829 miserantis
329 771 430 830 stricto
444 778 587 850 acutoque
599 773 719 834 articulo
732 777 873 854 percussi.
891 785 919 838 et
930 778 976 838 ille
986 782 1104 858 quidem
1116 782 1189 845 dens

83 852 218 915 consedit
237 854 266 913 in
286 854 371 915 lecto.
403 874 456 932 ego
476 864 571 917 autem
588 858 716 918 alternos
732 861 919 939 opponebam
935 864 1072 926 foramini
1087 868 1189 928 oculos

81 937 248 1016 iniuriaque
276 939 411 1016 Eumolpi
438 939 514 1001 velut
534 943 660 1019 quodam
683 944 747 1003 cibo
774 964 821 1005 me
848 947 994 1023 replebam
1022 951 1189 1012 advocatio·

81 1040 210 1101 nemque
221 1025 475 1097 commendabam,
492 1043 558 1086 cum
570 1035 745 1104 procurator
756 1030 867 1090 insulae
877 1030 1014 1110 Bargates
1028 1053 1043 1096 a
1057 1039 1127 1097 cena
1139 1056 1189 1098 ex-

80 1109 187 1171 citatus
215 1126 232 1168 a
253 1108 368 1169 duobus
388 1110 538 1171 lecticariis
560 1110 589 1171 in
605 1113 732 1173 mediam
751 1114 843 1174 rixam
864 1117 1025 1195 profertum
1046 1138 1114 1180 nam
1129 1129 1191 1182 erat

80 1192 168 1255 diam
184 1191 309 1271 pedibus
325 1212 420 1272 aeger.
450 1196 475 1254 is
495 1202 528 1256 ut
541 1196 656 1258 rabiosa
671 1197 851 1278 barbaraque
866 1220 937 1261 voce
951 1203 981 1262 in
997 1204 1095 1264 ebrios
1111 1206 1190 1284 fugi-

79 1276 217 1355 tivosque
232 1277 280 1338 diu
296 1279 451 1358 peroravit,
467 1281 628 1359 respiciens
643 1283 679 1341 ad
695 1284 861 1362 Eumolpon
873 1276 903 1345 ‘o
916 1280 1080 1365 poetarum’
1094 1288 1190 1368 inquit

74 1355 294 1437 ‘disertissima
309 1370 342 1424 tu
358 1361 445 1424 eras?
461 1372 489 1424 et
503 1384 563 1426 non
581 1367 735 1428 discedunt
749 1370 831 1430 ocius
846 1372 1019 1449 nequissimi
1034 1375 1109 1435 servi
1125 1393 1188 1435 ma-

78 1462 198 1526 nusque
213 1449 365 1509 continent
379 1468 394 1510 a
410 1440 507 1509 rixa‘l'
1115 1480 1120 1485 ·

269 1560 272 1564 ι
621 1545 641 1584 e

163 1606 392 1678 ‘contubernalis
407 1638 471 1679 mea
487 1619 559 1679 mihi
574 1620 683 1682 fastum
698 1621 773 1682 facit.
797 1624 846 1696 ita,
863 1623 888 1683 si
901 1642 948 1688 me
960 1644 1050 1701 amas,
1066 1627 1188 1690 maledic

80 1701 160 1764 iliam
175 1702 319 1777 versibus,
336 1711 368 1763 ut
383 1704 487 1765 habeat
500 1700 658 1784 pudorem'
1126 1720 1131 1725 ’

620 1803 641 1840 dl

165 1871 237 1934 dum
252 1872 414 1952 Eumolpus
434 1892 500 1934 cum
516 1875 637 1952 Bargate
653 1874 684 1934 in
705 1882 816 1936 secreto
831 1876 968 1955 loquitur,
984 1877 1073 1939 intrat
1087 1879 1187 1941 stabu·
1203 1889 1243 1952 97

78 1957 141 2018 lum
156 1975 264 2037 praeco
284 1977 350 2019 cum
370 1978 454 2018 servo
470 1960 586 2038 publico
602 1960 714 2039 aliaque
730 1979 799 2021 sane
813 1962 928 2022 modica
944 1963 1120 2042 frequentia,
1140 1966 1187 2027 fa-

80 2060 205 2122 cemque
217 2043 366 2104 fumosam
382 2044 475 2122 magis
492 2064 579 2122 quam
595 2046 720 2105 lucidam
737 2065 881 2124 quassans
897 2048 969 2108 baec
983 2049 1186 2127 proclamavit:

75 2119 163 2208 ‘puer
182 2128 212 2188 in
232 2128 335 2188 balneo
356 2130 443 2208 paulo
465 2138 532 2190 ante
552 2130 708 2202 aberravit,
730 2148 876 2192 annorum
893 2131 966 2193 circa
981 2135 1044 2208 iii,
1065 2135 1188 2214 crispus,

78 2213 196 2284 mollis,
216 2213 381 2286 formosus,
399 2214 520 2274 nomine
542 2215 639 2275 Giton.
670 2214 694 2274 si
714 2217 779 2294 quis
802 2236 868 2276 eum
891 2217 1012 2278 reddere
1034 2225 1084 2279 aut
1105 2237 1188 2280 com-

79 2304 249 2359 monstrare
269 2298 406 2371 roluerit,
422 2300 543 2376 accipiet
562 2318 702 2361 nummos
718 2292 814 2361 mille.³
843 2320 898 2362 uec
911 2301 998 2380 longe
1014 2322 1029 2363 a
1044 2321 1190 2382 praecone

79 2381 215 2463 Ascyltos
236 2383 330 2444 stabat
344 2385 467 2445 amictus
484 2385 641 2446 discoloria
656 2393 736 2446 veste
752 2393 837 2464 atque
851 2386 881 2446 in
896 2386 977 2447 lance
992 2396 1126 2465 argentea
1140 2389 1187 2450 in-

80 2466 192 2529 dicium
212 2475 241 2528 et
255 2469 342 2528 iidem
357 2470 545 2548 praelerebat.
576 2470 714 2549 imperavi
731 2470 844 2542 Gitoni,
866 2478 898 2530 ut
912 2471 1019 2549 raptim
1036 2473 1187 2550 grabatum

80 2551 195 2614 subiret
209 2561 433 2632 annecteretque
448 2554 536 2632 pedes
552 2563 580 2615 et
594 2572 700 2615 manus
716 2555 832 2628 institis
849 2556 955 2633 quibus
970 2558 1085 2635 sponda
1098 2557 1187 2618 culci-

78 2645 140 2700 tam
154 2637 277 2711 ferebat,
293 2657 326 2698 ac
342 2640 385 2700 sic
399 2647 431 2699 ut
447 2640 514 2698 olim
531 2639 626 2699 Vlixes
644 2658 698 2718 pro
712 2686 719 2699 .
733 2685 740 2699 .
755 2685 761 2699 .
777 2640 858 2700 arieti
873 2640 1065 2713 adhaesisset,
1085 2649 1186 2703 exten-

78 2729 129 2784 tus
149 2721 225 2784 inira
245 2722 395 2801 grabatum
417 2723 608 2784 scrutantium
629 2724 758 2784 eluderet
777 2742 891 2784 manus.
918 2742 979 2785 uon
995 2733 1041 2786 est
1054 2734 1186 2788 moratus

79 2807 172 2869 Giton
191 2808 347 2887 imperium
368 2815 579 2887 momentoque
598 2809 740 2886 temporis
760 2808 883 2869 inseruit
901 2808 1017 2870 vinculo
1037 2829 1143 2872 manus
1159 2818 1188 2872 et

79 2891 192 2953 Vlixem
212 2900 279 2954 astu
300 2894 448 2953 simillimo
464 2893 541 2954 vicit.
572 2912 625 2972 ego
645 2912 684 2953 ne
699 2893 858 2972 suspitioni
873 2895 1066 2973 relinquerem
1081 2897 1188 2972 locum,

80 2977 218 3038 lectulum
233 2979 413 3038 vestimentis
429 2979 544 3056 implevi
558 2980 704 3058 uniusque
719 2979 847 3039 hominis
862 2980 1016 3058 vestigium
1032 2982 1067 3041 ad
1079 3000 1187 3061 corpo-

79 3063 121 3123 ris
137 3062 196 3123 mci
211 3080 379 3123 mensuram
395 3063 522 3141 figuravi.

165 3147 280 3208 interim
296 3149 427 3227 Ascyltos
443 3154 476 3208 ut
491 3147 649 3226 pererravit
664 3165 768 3208 omnes
784 3166 850 3207 cum
866 3148 976 3208 viatore
991 3148 1091 3222 cellas,
1108 3149 1189 3231 venit

80 3233 116 3294 ad
131 3250 243 3302 meam,
267 3240 296 3292 et
309 3233 367 3293 hoc
382 3233 498 3310 quidem
515 3233 677 3312 pleniorem
693 3251 775 3309 spem
793 3233 934 3310 concepit,
950 3251 1007 3311 quo
1021 3233 1186 3312 diligentius

81 3316 284 3396 oppessulatas
300 3317 410 3377 invenit
424 3318 512 3377 fores.
543 3317 675 3394 publicus
688 3335 758 3375 vero
772 3335 873 3376 servus
885 3318 1032 3378 insertans
1046 3321 1186 3379 commis-

80 3401 160 3462 suris
181 3419 297 3462 secures
319 3403 512 3463 claustrorum
528 3401 694 3461 firmitatem
708 3401 819 3460 laxavit.
851 3420 903 3478 ego
920 3403 954 3462 ad
971 3419 1063 3479 genua
1078 3403 1187 3484 Ascylti

78 3485 224 3568 procubui
239 3494 268 3546 et
282 3506 334 3566 per
350 3488 523 3547 memoriam
540 3487 680 3547 amicitiae
694 3504 802 3564 perque
818 3486 986 3546 societatem
1003 3486 1187 3548 miseriarum

79 3571 163 3652 petii,
182 3579 218 3632 ut
231 3571 333 3631 saltem
351 3572 518 3641 ostenderet
532 3572 662 3631 fratrem.
693 3571 785 3631 immo
800 3578 833 3631 ut
846 3570 932 3630 iidem
949 3571 1091 3631 haberent
1104 3572 1187 3632 lictae

78 3674 199 3736 preces,
216 3646 295 3716 ‘scio
311 3647 353 3717 te'
368 3657 488 3734 inquam
500 3649 633 3735 ‘Ascylte
651 3657 686 3716 ad
702 3656 892 3717 occidendum
909 3674 957 3715 me
972 3655 1096 3715 venisse.
1127 3675 1186 3734 quo

79 3741 159 3802 enim
175 3759 293 3802 secures
309 3739 452 3811 attulisti?
478 3741 574 3820 itaque
590 3742 660 3801 satia
676 3741 852 3801 iracundiam
868 3748 962 3802 tuam:
978 3739 1105 3819 praebeo
1121 3760 1187 3801 ecce

79 3826 232 3899 cervicem,
247 3826 337 3887 funde
353 3826 534 3905 sanguinem,
551 3845 635 3905 quem
650 3826 703 3886 sub
716 3833 867 3904 praetextu
880 3825 1058 3903 quaestionis
1071 3817 1187 3903 petisti.³

79 3910 220 3972 amolitur
235 3912 368 3990 Ascyltos
388 3911 524 3972 invidiam
552 3919 632 3972 etse
652 3929 718 3971 vero
740 3909 810 3970 nihil
831 3910 905 3970 aliud
927 3929 1014 3988 quam
1032 3909 1187 3988 fugitivum

79 4014 169 4059 suum
184 3994 258 4057 dixit
273 4013 420 4075 quaerere,
436 4003 562 4057 mortem
578 4015 632 4058 nec
643 3995 771 4057 hominis
783 3994 959 4072 concupisse
970 4012 1025 4054 nec
1035 3994 1186 4072 supplicis,
