2646 4710
624 1292 645 1332 ii

161 1419 248 1486 ‘num
264 1425 318 1486 alio
335 1443 439 1504 genere
453 1426 597 1486 furiarum
613 1426 822 1488 declamatores
837 1427 1048 1506 inquietantur,
1064 1427 1113 1507 qui
1129 1428 1186 1489 cla·
1206 1436 1219 1494 l

78 1518 173 1572 mant:
186 1501 283 1571 tthaec
296 1511 415 1571 vulnera
431 1531 485 1590 pro
501 1511 631 1573 libertate
646 1512 760 1591 publica
775 1513 889 1592 excepi3
904 1513 983 1573 huno
999 1512 1115 1574 oculum
1131 1533 1186 1593 pro

76 1596 160 1658 vobis
172 1595 315 1675 impendi:
333 1597 397 1657 date
410 1597 481 1658 mihi
494 1597 607 1671 ducem,
625 1598 674 1678 qui
687 1617 733 1658 me
747 1599 833 1659 ducat
844 1598 880 1659 ad
891 1597 998 1658 liberos
1011 1617 1103 1673 meos,
1118 1617 1187 1660 nam

78 1683 184 1743 succisi
196 1682 321 1761 poplites
333 1682 464 1743 membra
476 1700 536 1744 non
549 1675 740 1745 sustinent”?
752 1685 824 1745 haec
835 1684 900 1762 ipsa
910 1683 1071 1744 tolerabilia
1080 1691 1188 1759 essent,

79 1769 104 1827 si
126 1768 161 1828 ad
180 1768 377 1846 eloquentiam
396 1768 481 1829 ituris
502 1769 578 1829 viam
598 1767 736 1830 facerent.
767 1787 846 1830 nunc
865 1762 893 1830 el
913 1787 1012 1829 rerum
1027 1777 1145 1831 tumore
1160 1778 1188 1831 et

79 1853 289 1914 sententiarum
311 1855 469 1914 vanissimo
491 1855 615 1934 strepitu
635 1855 693 1915 hoc
711 1862 824 1916 tantum
837 1855 1009 1934 proficiunt,
1030 1862 1061 1915 ut
1076 1875 1142 1917 cum
1158 1856 1188 1916 in

78 1939 176 1999 forum
203 1939 350 2011 venerint,
376 1947 480 2018 putent
505 1959 536 2000 se
556 1940 586 2000 in
607 1940 694 2000 alium
716 1940 819 2001 orbem
839 1948 983 2001 terrarum
1004 1940 1125 2001 delatos.
1159 1949 1188 2001 et

78 2023 143 2084 ideo
164 2043 218 2104 ego
239 2024 472 2086 adulescentulos
496 2026 630 2086 existimo
652 2025 682 2085 in
699 2025 808 2086 scholis
825 2025 1016 2086 stultissimos
1032 2026 1104 2098 fieri,
1120 2027 1187 2104 quia

78 2109 151 2170 nihil
162 2128 197 2169 ex
212 2110 267 2182 bis,
285 2129 358 2189 quae
373 2111 403 2171 in
417 2129 473 2171 usu
487 2111 639 2182 babemus,
657 2117 706 2171 aut
722 2111 844 2171 audiunt
858 2118 907 2171 aut
921 2111 1027 2185 vident,
1043 2112 1094 2172 sed
1107 2111 1187 2189 pira-

78 2204 123 2256 tas
146 2214 211 2255 cum
233 2197 341 2256 catenis
362 2197 392 2257 in
411 2196 497 2257 litore
518 2203 643 2269 stantes,
672 2196 723 2256 sed
742 2204 883 2276 tyrannos
903 2197 995 2257 edicta
1016 2196 1186 2270 scribentes,

82 2280 188 2360 quibus
203 2280 349 2360 imperent
364 2282 429 2342 filiis
445 2289 477 2343 ut
493 2291 610 2361 patrum
626 2300 748 2343 suorum
765 2283 857 2362 capita
872 2282 1050 2360 praecidant,
1072 2283 1123 2343 sed
1139 2301 1187 2342 re-

79 2384 192 2445 sponsa
206 2367 237 2426 in
252 2367 446 2446 pestilentiam
462 2368 537 2442 data,
552 2376 585 2429 ut
600 2369 723 2446 virgines
739 2375 798 2428 tres
814 2376 863 2428 aut
878 2367 978 2445 plures
990 2367 1187 2442 immolentur,

79 2453 131 2512 sed
152 2451 278 2512 mellitos
299 2452 453 2513 verborum
475 2452 608 2532 globulos
631 2460 659 2513 et
679 2453 777 2513 omnia
797 2452 872 2513 dicta
886 2453 1019 2532 factaque
1035 2453 1117 2533 quasi
1133 2473 1186 2532 pa-

78 2553 187 2617 pavere
207 2543 235 2595 et
255 2556 371 2597 sesamo
393 2557 503 2616 sparsa.
535 2539 585 2617 qui
604 2539 680 2599 inter
699 2539 771 2598 haec
790 2545 905 2598 tantum
926 2538 1108 2611 nutriuntur,
1124 2534 1220 2599 non2

79 2622 172 2700 magis
200 2640 301 2700 sapere
327 2630 467 2700 possunt,
494 2642 580 2702 quam
603 2623 677 2684 bene
696 2623 787 2694 olere,
815 2624 914 2702 quiin
934 2623 1185 2685 culinahabitant.

80 2726 150 2787 pace
174 2713 267 2767 vestra
287 2706 369 2767 liceat
389 2707 510 2778 dixisse,
534 2708 622 2786 primi
642 2709 774 2768 omnium
796 2708 989 2786 eloquentiam
1009 2708 1186 2785 perdidistis.

79 2793 191 2853 levibus
212 2791 290 2852 enim
307 2801 392 2871 atque
407 2792 542 2853 inanibus
558 2793 640 2853 sonis
655 2793 781 2853 ludibria
797 2793 938 2872 quaedam
955 2794 1105 2853 excitando
1118 2794 1186 2853 elle-

80 2878 175 2949 cistis‚
193 2885 225 2938 ut
240 2895 348 2956 corpus
365 2877 504 2938 orationis
521 2886 708 2939 enervaretur
723 2885 752 2939 et
767 2879 890 2939 caderet.
921 2879 1054 2939 nondum
1069 2880 1186 2940 iuvenes

80 2963 336 3023 declamationibus
353 2963 589 3037 continebantur,
610 2982 675 3024 cum
693 2963 855 3043 Sophocles
872 2970 922 3024 aut
936 2965 1089 3043 Euripides
1104 2966 1183 3025 inve·

80 3056 188 3109 nerunt
205 3048 304 3119 verba,
329 3048 433 3127 quibus
454 3048 592 3110 deberent
609 3049 698 3128 loqui.
729 3050 862 3110 nondum
884 3049 1061 3110 umbraticus
1082 3050 1187 3111 doctor

80 3133 195 3211 ingenia
215 3134 369 3204 deleverat,
392 3153 457 3194 cum
474 3134 619 3195 Pindarus
641 3152 805 3213 novemque
820 3134 900 3214 lyrici
916 3135 1079 3196 Homericis
1095 3138 1186 3197 versi-

81 3219 136 3279 bus
158 3237 261 3279 canere
279 3220 448 3280 timuerunt.
480 3227 509 3281 et
528 3235 566 3281 ne
581 3227 685 3299 poetas
701 3220 797 3280 solum
814 3221 849 3280 ad
865 3220 1065 3281 testimonium
1090 3222 1185 3293 citam,

82 3312 158 3365 certe
172 3322 266 3384 neque
276 3305 397 3365 Platona
411 3323 506 3384 neque
518 3306 733 3365 Demosthenen
751 3304 786 3365 ad
802 3305 859 3365 hoo
870 3325 960 3383 genus
973 3306 1186 3367 exercitationis

80 3390 238 3450 accessisse
264 3391 357 3450 video.
395 3390 514 3468 grandis
535 3397 564 3450 et
583 3397 616 3451 ut
640 3391 680 3451 ita
703 3390 796 3450 dicam
815 3389 923 3468 pudica
944 3393 1037 3452 oratio
1061 3397 1188 3451 nonest

81 3476 227 3536 maculosa
246 3494 301 3536 nec
321 3476 450 3553 turgida,
473 3476 523 3536 sed
544 3476 670 3536 naturali
690 3475 904 3555 pulchritudine
925 3477 1062 3554 exsurgit.
1093 3495 1188 3555 nuper

80 3568 200 3621 ventosa
220 3561 309 3621 istaec
329 3568 357 3621 et
378 3561 508 3622 enormis
528 3561 687 3640 loquacitas
703 3562 830 3622 Athenas
851 3581 886 3620 ex
901 3560 968 3621 Asia
984 3561 1188 3638 commigravit

80 3646 253 3724 animosque
273 3647 409 3707 iuvenum
430 3647 466 3707 ad
489 3664 592 3724 magna
614 3654 768 3726 surgentes
789 3647 876 3707 veluti
897 3646 1043 3726 pestilenti
1059 3648 1186 3725 quodam

81 3732 176 3792 sidere
193 3732 316 3803 adflavit,
335 3731 481 3811 semelque
497 3739 635 3810 corrupta
650 3732 748 3809 regula
764 3732 926 3812 eloquentia
942 3733 1021 3793 stetit
1036 3739 1064 3792 et
1080 3732 1187 3793 obmu-

80 3818 143 3878 tuit.
174 3817 209 3876 ad
231 3836 392 3890 summam,
414 3819 479 3896 quis
501 3825 603 3897 postea
619 3817 810 3897 Thucydidis,
833 3819 898 3897 quis
915 3818 1070 3898 Hyperidis
1092 3819 1125 3878 ad
1143 3819 1186 3877 f-

81 3921 159 3963 mam
187 3898 355 3980 processit?
391 3922 425 3964 ac
446 3921 483 3963 ne
503 3921 620 3965 carmen
640 3903 756 3982 quidem
778 3904 841 3962 sani
863 3903 969 3964 coloris
991 3904 1107 3972 enituit,
1134 3903 1186 3962 sed

82 3988 180 4050 omnia
196 3988 279 4067 qua'si
295 3989 396 4048 eodem
414 3988 478 4049 cibo
495 3995 578 4067 pasta
593 4006 655 4049 non
670 3994 831 4067 potuerunt
846 4007 940 4068 usque
956 3989 991 4049 ad
1008 3995 1187 4052 senectutem

956 4087 987 4137 1*
