2646 4710
154 342 195 406 62
624 340 781 395 PETllOllll

154 514 224 574 ergo
247 501 360 555 mentes
381 493 579 556 satisfactione
596 492 712 568 lenitas,
732 500 761 555 et
778 491 910 573 patimini
928 491 1036 554 liberos
1057 491 1194 554 homines
1213 491 1254 552 ire

153 581 217 642 sine
231 579 350 653 iniuria,
371 598 428 659 quo
451 580 607 641 destinant
637 579 714 641 saevi
734 598 851 658 quoque
869 577 1122 657 implacabilesque
1144 576 1255 639 domini

154 666 351 727 crudelitatem
367 684 450 725 suam
465 664 638 744 impediunt,
655 665 679 725 si
696 665 813 743 quando
829 663 1007 743 poenitentia
1016 663 1155 740 fugitivos
1167 663 1254 724 redu-

152 751 206 825 xit,
233 758 263 812 et
283 750 424 812 dediticiis
447 751 581 812 hostibus
607 750 766 828 parcimus.
797 751 866 828 quid
892 748 965 810 ultra
991 748 1088 828 petitis
1115 756 1165 809 aut
1186 748 1254 827 quid

152 833 261 898 vultis?
291 837 321 896 in
341 844 501 914 conspectu
520 843 615 896 vestro
636 835 782 915 supplices
803 835 897 895 iacent
911 834 1028 895 iuvenes
1043 832 1177 912 ingenui,
1199 834 1253 897 bo·

152 922 244 995 nesti,
267 929 295 981 et
314 921 393 999 quod
414 927 537 1001 utroque
549 921 697 999 potentius
713 928 772 994 est,
791 918 983 980 familiaritate
1000 919 1083 979 vobis
1099 919 1253 998 aliquando

152 1007 309 1067 coniuncti.
340 1006 365 1066 si
381 1007 561 1068 mehercules
573 1007 803 1067 intervertissent
813 1005 966 1085 pecuniam
978 1012 1112 1078 vestram,
1128 1006 1155 1064 si
1165 1005 1253 1065 fidem

150 1092 319 1170 proditione
332 1091 495 1165 laesissent,
511 1091 608 1153 satiari
623 1099 721 1154 tamen
736 1091 907 1186 potuissetis
923 1091 976 1150 hac
991 1107 1095 1185 poena,
1112 1107 1201 1168 quam
1212 1089 1253 1150 vi-

151 1177 207 1237 det
188 1185 235 1237 trs.
266 1176 380 1238 servitia
401 1195 466 1237 ecoe
486 1177 516 1238 in
534 1177 682 1238 frontibus
703 1177 820 1238 cernitis
836 1175 974 1237 ettvultus
989 1175 1133 1254 ingenuos
1149 1175 1253 1236 volun·

150 1263 223 1322 taria
238 1280 400 1340 poenarum
409 1262 478 1362 lege
489 1264 641 1366 ιιιοιιιιιιι
643 1282 687 1323 os.
688 1254 918 1341 interpellavit
932 1261 1168 1356 deprecationem
1181 1278 1252 1356 sup-

151 1347 233 1426 plicis
249 1348 353 1408 Lichas
369 1355 398 1407 et
409 1338 521 1408 ‘noli''
514 1349 607 1427 inquit
618 1339 765 1409 ‘caussam
782 1347 970 1419 confundere,
986 1346 1062 1406 sed
1055 1364 1175 1425 impone
1192 1346 1253 1406 sin·

150 1433 224 1511 gulis
240 1434 372 1494 modum.
401 1452 436 1494 uc
451 1433 579 1512 primum
591 1434 737 1529 emnium,
753 1453 777 1493 ιι
770 1432 831 1494 ult
819 1441 865 1494 tro
877 1437 1027 1505 venerunt,
1044 1450 1095 1493 cur
1106 1432 1253 1492 nudavere

150 1517 280 1579 crinibus
296 1516 411 1597 capita?
426 1519 486 1578 vult
474 1525 536 1578 ιιιιιι
552 1519 629 1580 enim
646 1520 695 1613 qui
706 1537 810 1597 permu
811 1526 861 1595 t,at
811 1517 1008 1579 tfraudem
1020 1522 1111 1595 parat,
1126 1535 1189 1578 non
1204 1533 1252 1579 sa·

149 1603 353 1664 tisfactionem
389 1603 504 1675 deinde,
532 1603 556 1662 si
582 1603 703 1681 gratiam
724 1623 740 1664 a
764 1604 857 1682 legato
884 1602 1092 1674 moliebantur,
1120 1603 1191 1681 quid
1214 1601 1253 1663 ita

150 1688 249 1747 omnia
264 1689 366 1762 fecisti,
382 1695 415 1749 ut
430 1707 505 1783 quos
520 1688 658 1760 tuebaris,
675 1652 894 1773 ιιιιοιιιιιιιιῗ9
924 1708 958 1749 ex
973 1707 1032 1766 quo
1048 1695 1168 1766 apparet
1182 1704 1252 1749 casu

149 1771 287 1835 incidisse
317 1773 423 1836 noxios
448 1773 479 1833 in
505 1773 603 1852 plagas
629 1782 659 1834 et
682 1781 711 1835 ιι
737 1782 782 1835 ar
783 1794 828 1835 em
856 1773 1020 1853 quaesisse,
1052 1791 1108 1852 qua
1133 1781 1252 1835 nostrae

149 1859 410 1920 animadversionis
424 1858 567 1937 impetum
583 1860 725 1921 eluderes
752 1877 820 1920 nam
836 1860 914 1938 quod
929 1858 1066 1919 invidiam
1080 1857 1153 1919 facis
1164 1858 1252 1922 nobis

148 1943 293 2022 ingenuos
309 1946 511 2025 honestosque
526 1945 690 2018 clamando,
714 1944 789 2017 vide,
810 1962 847 2005 ne
862 1943 1037 2006 deteriorem
1052 1942 1141 2022 fapias
1157 1944 1251 2006 conli-

148 2028 245 2092 dentia
261 2048 405 2095 caussam.
435 2030 505 2109 quid
524 2030 630 2091 debent
648 2029 718 2092 laesi
731 2029 839 2103 facere,
859 2029 909 2091 ubi
929 2029 972 2090 rei
986 2029 1021 2089 ιιι
1037 2046 1164 2107 poenam
1179 2047 1250 2091 oon·

148 2113 286 2192 fugiunt‘l
316 2116 439 2178 atenim
455 2117 540 2176 amici
533 2115 674 2177 fuerunt
662 2123 758 2177 ttnos
759 2115 792 2176 ri
822 2134 856 2175 eo
873 2115 983 2176 maiora
995 2121 1167 2177 meruerunt
1176 2133 1250 2194 sup

148 2200 247 2295 plicia,
268 2219 336 2262 nam
353 2201 402 2280 qui
417 2201 534 2302 ignotos
550 2201 649 2274 laedit,
667 2202 741 2261 latro
758 2201 931 2279 appellatur,
952 2200 1000 2297 qui
1016 2200 1140 2272 amicos,
1161 2201 1249 2279 paulo

147 2284 247 2345 minus
267 2304 353 2388 quam
373 2275 534 2387 parricida.
563 2287 682 2346 resolvit
670 2286 863 2382 tEumolpos
885 2289 965 2347 tam
958 2286 1087 2365 1niquam
1103 2286 1249 2347 declama·

147 2369 309 2431 tionem
280 2378 309 2431 e
326 2361 484 2448 ‘intelligo'
500 2369 593 2447 inquit
604 2362 689 2431 nibil
710 2371 802 2448 magis
822 2371 927 2432 obesse
946 2371 1099 2433 iuvenibus
1121 2370 1249 2444 miseris,

147 2473 235 2534 quam
261 2456 339 2552 quod
360 2463 446 2516 nocte
431 2455 667 2552 edeposuerunt
685 2455 817 2534 capillos:
844 2456 902 2517 hoc
921 2465 1092 2534 argumento
1111 2455 1250 2518 incidisse

146 2541 307 2601 videntur
299 2561 329 2602 m
344 2559 459 2613 navem,
479 2558 541 2600 non
557 2541 679 2602 venisse.
711 2542 787 2620 quod
803 2541 886 2601 velim
902 2549 961 2602 tam
977 2542 1097 2603 candide
1111 2543 1147 2601 ad
1163 2560 1249 2603 aures

147 2633 257 2687 vestras
283 2628 443 2705 perveniat,
470 2644 556 2704 quam
583 2626 753 2705 simpliciter
775 2634 889 2704 gestum
910 2634 962 2687 est.
1000 2627 1153 2687 voluerunt
1171 2627 1248 2688 enim

146 2719 213 2772 ante
228 2731 315 2790 quam
331 2712 575 2783 conscenderent,
595 2730 752 2773 exonerare
770 2713 863 2789 capita
884 2713 1009 2772 molesto
1025 2720 1053 2772 et
1068 2730 1247 2789 supervacuo

146 2798 292 2874 pondere,
319 2798 371 2858 sed
394 2796 515 2857 celerior
533 2804 635 2858 ventus
589 2797 766 2858 tdistulit
784 2797 943 2858 curationis
963 2797 1159 2875 proposit.um
1195 2815 1249 2859 neo

146 2887 244 2940 tamen
260 2887 434 2976 putaverunt
449 2883 483 2942 ad
499 2900 561 2943 rem
577 2882 735 2961 pertinere,
751 2882 822 2942 ιιι
814 2882 990 2958 inciperent
1008 2883 1086 2959 quod
1102 2881 1249 2984 placuerat

146 2971 180 3026 ut
199 2966 293 3038 fieret,
316 2967 397 3067 quia
403 2984 457 3026 nec
472 2984 559 3027 omen
574 2983 628 3026 nec
642 2967 735 3043 legem
750 2965 946 3060 navigantium
963 2957 1123 3026 noverant?
1149 2957 1246 3045 ‘qnid'

146 3049 240 3127 inquit
260 3012 397 3111 ιιιιιιι(
403 3050 518 3114 attinuit
537 3050 683 3128 supplices
703 3047 826 3110 radere?
846 3050 903 3109 nisi
924 3050 1000 3110 forte
1023 3049 1258 3113 miserabiliores

147 3134 217 3195 calvi
233 3136 329 3196 solent
342 3155 415 3197 esse.
446 3153 622 3214 quamquam
638 3135 750 3213 quidat
721 3135 823 3196 atinet
835 3135 891 3194 veri
893 3142 980 3195 tatem
997 3153 1048 3212 ιιιι
1060 3134 1248 3214 interpretem

146 3217 306 3299 quaerere?
332 3221 401 3299 quid
416 3221 488 3282 dicis
503 3230 545 3293 tu,
560 3217 656 3280 latro‘?
672 3239 745 3298 qnae
761 3220 943 3280 salamandra
955 3220 1108 3321 supercilia
1119 3229 1168 3282 tua
1180 3241 1249 3284 eus

145 3303 244 3366 ussit?
275 3325 319 3366 cur
313 3305 389 3367 deo
406 3307 516 3367 crinem
533 3313 626 3366 vovis
627 3301 658 3364 ι
687 3306 853 3383 pharmace,
868 3296 1034 3383 responde.

78 3385 137 3447 108
231 3391 440 3469 obstupueram
461 3410 514 3470 ego
535 3389 669 3467 supplicii
689 3398 767 3450 metu
782 3391 917 3469 paviduS,
938 3407 993 3450 nec
1008 3390 1120 3468 quidm
1136 3411 1168 3454 ιι
1182 3411 1247 3454 ma·

145 3476 334 3536 nifestissima
350 3477 484 3548 dicerem,
502 3473 690 3546 inveniebam,
705 3475 803 3535 turbat
791 3485 838 3536 tus
854 3483 882 3535 ιι
870 3476 1036 3535 tdeformis
1048 3484 1161 3552 praeter
1173 3496 1271 3574 spo-

143 3561 203 3622 liati
219 3562 295 3639 cepit
296 3561 320 3621 is
283 3562 461 3623 tdedecus
477 3558 698 3637 superciliorum
714 3560 800 3620 etiam
816 3562 925 3642 aequali
938 3580 1002 3621 cum
1015 3561 1082 3620 fron
1085 3563 1218 3624 ιιιιιιιι
1198 3572 1246 3637 ιιι,

144 3646 264 3706 utnihil
285 3663 339 3706 nec
357 3646 452 3705 facere
474 3645 588 3704 deceret
576 3651 660 3704 tneo
680 3644 846 3705 diceret
814 3653 846 3705 ut
861 3665 928 3705 vero
948 3664 1071 3724 sponna
1087 3647 1143 3706 uda
1157 3647 1246 3709 facies

144 3730 288 3809 plorantis
314 3730 427 3790 detersa
454 3738 499 3790 est
524 3737 553 3790 et
576 3728 762 3807 liquefactum
788 3749 840 3807 per
865 3738 910 3791 tot
899 3739 960 3791 turn
990 3751 1023 3791 os
1050 3738 1246 3794 atramentum

147 3813 247 3875 omnia
268 3814 377 3875 scilicet
393 3815 559 3876 liniamenta
578 3813 713 3892 fuliginea
728 3815 805 3874 nube
820 3817 963 3889 confudit,
985 3816 1013 3877 in
1035 3817 1135 3877 odium
1157 3836 1189 3877 se
1205 3819 1247 3881 ira

146 3899 296 3961 convertit.
332 3908 419 3979 negat
440 3900 602 3980 Eumolpus
624 3917 781 3977 passurum
806 3919 850 3974 se,
876 3909 909 3961 ut
929 3901 1079 3981 quisquam
1100 3902 1245 3979 ingenuos

144 3993 245 4048 eontra
264 3986 309 4047 fas
329 3985 482 4067 legemque
497 3984 689 4057 contaminet,
709 3984 930 4065 interpellatque
944 3987 1133 4048 saevientium
1149 3987 1246 4051 minas
