2646 4710
89 414 91 420 l
133 351 175 414 56
604 343 760 397 ruruomr

78 502 118 564 98
134 502 234 581 utique
245 501 307 562 eius
324 519 411 580 quem
426 506 496 580 post
509 497 625 559 fatalem
640 498 733 559 rixam
749 497 901 559 habuisset
915 499 1108 558 carissimum.
1135 505 1164 559 at
1178 515 1237 559 non

134 605 234 648 servus
249 586 382 665 publicus
397 593 457 645 tam
471 584 607 661 languide
622 584 693 661 agit,
710 583 761 643 sed
776 590 890 661 raptam
907 584 1031 662 cauponi
1046 583 1237 656 harundinem

135 671 236 733 subter
257 672 362 732 lectum
380 669 468 730 mittit
484 668 639 748 omniaque
656 667 742 729 etiam
757 668 902 728 foramina
919 667 1062 746 parietum
1084 675 1236 729 scrutatur.
1265 676 1272 684 '

133 755 312 816 subducebat
337 754 425 815 Giton
447 753 482 813 ab
504 753 564 813 ictu
591 770 698 831 corpus
725 759 754 813 et
778 752 899 813 reducto
925 752 1110 813 timidissime
1137 754 1237 831 spiritu

133 840 216 919 ipsos
233 839 379 919 sciniphes
397 857 447 898 ore
460 836 596 915 tangebat
672 929 693 967 ἦ

217 1007 380 1085 Eumolpus
396 1012 503 1077 autem,
520 1004 586 1083 quia
602 1005 752 1065 effractum
769 1005 878 1067 ostium
894 1005 980 1067 cellae
995 1007 1142 1067 neminem
1155 1017 1238 1086 pote·

133 1100 178 1154 rat
188 1081 350 1163 eminuere,
365 1089 502 1168 irrumpit
513 1089 700 1168 perturbatus
712 1095 741 1149 et
751 1079 848 1149 ‘mille’
860 1090 954 1168 inquit
965 1082 1118 1152 ‘nummos
1131 1093 1240 1168 inveni3

133 1177 191 1238 iam
210 1176 288 1237 enim
307 1193 467 1255 persequar
487 1174 639 1234 abeuntem
662 1192 837 1252 praeconem
859 1182 887 1235 et
906 1177 935 1235 in
951 1182 1095 1255 potestate
1110 1183 1160 1238 tua
1177 1197 1240 1240 esse

134 1261 268 1322 Gitonem
285 1260 471 1322 meritissima
486 1258 654 1338 proditione
665 1251 858 1320 monstrabo?
880 1278 973 1338 genua
985 1281 1038 1339 ego
1052 1279 1239 1339 perseveran-

133 1345 171 1406 tis
187 1346 356 1425 amplector,
371 1364 408 1406 ne
422 1342 582 1405 morientes
597 1343 680 1404 vellet
695 1344 840 1418 occidere,
863 1352 891 1405 et
902 1336 1027 1407 ‘merito’
1042 1346 1161 1424 inquam
1174 1338 1240 1409 ‘ex-

134 1431 331 1502 candescercs,
348 1430 373 1490 si
388 1448 493 1509 posses
510 1428 656 1507 perditum
673 1430 836 1491 ostendere.
862 1447 942 1490 nunc
953 1432 1028 1491 inter
1039 1432 1156 1492 turbam
1168 1451 1241 1512 puer

133 1515 216 1594 fugit,
233 1533 287 1576 nec
301 1534 360 1594 quo
377 1514 487 1586 abierit,
503 1513 646 1592 suspicari
660 1531 795 1591 possum.
826 1533 878 1592 per
892 1516 993 1590 fidem,
1013 1516 1171 1594 Eumolpe,
1192 1537 1240 1578 re-

134 1601 191 1661 duc
205 1618 329 1680 puerum
346 1607 375 1660 et
390 1598 432 1658 vel
447 1598 564 1677 Ascylto
579 1589 686 1658 redde?
716 1598 786 1659 dum
802 1599 872 1659 haec
887 1618 941 1677 ego
953 1601 1011 1661 iam
1027 1602 1157 1662 credenti
1172 1621 1239 1681 per-

134 1686 259 1756 suadeo,
277 1682 364 1744 Giton
379 1682 548 1743 collectione
565 1681 685 1761 spiritus
702 1682 806 1760 plenus
821 1691 866 1744 ter
881 1686 1020 1746 continno
1036 1685 1075 1746 ita
1090 1694 1240 1748 sternuta-

132 1768 182 1840 rit‚
197 1775 230 1829 ut
243 1768 394 1845 grabatum
411 1773 587 1828 concuteret.
617 1767 653 1827 ad
670 1785 756 1844 quem
772 1776 885 1829 motum
901 1769 1064 1850 Eumolpus
1080 1788 1240 1835 conversus

109 1879 112 1883 ⁷
134 1852 243 1914 salvere
254 1852 359 1915 Gitona
375 1852 462 1913 iubet.
489 1858 600 1912 remota
616 1851 702 1911 etiam
720 1853 820 1913 culcita
833 1853 911 1914 videt
921 1854 1041 1926 Vlixem,
1059 1857 1104 1916 cui
1116 1857 1160 1917 vel
1172 1876 1239 1918 esu-

133 1938 212 2000 riens
228 1936 351 2018 Cyclops
372 1937 519 2017 potuisset
538 1955 665 2015 parcere.
695 1955 765 1997 mox
785 1956 945 1999 conversus
968 1941 1003 2001 ad
1024 1933 1169 2020 me‘quid
1185 1934 1239 2003 est'

132 2022 229 2102 inquit
238 2016 348 2084 ‘latrof
377 2042 414 2083 ne
429 2023 630 2100 deprehensus
646 2020 764 2099 quidem
781 2041 871 2084 ausus
887 2043 918 2084 es
935 2025 1006 2085 mihi
1016 2044 1117 2086 varum
1134 2027 1239 2088 dicere.

133 2106 277 2168 immoni
298 2108 372 2168 deus
394 2107 511 2187 quidam
532 2107 727 2167 humanarum
749 2125 847 2168 rerum
868 2108 975 2170 arbiter
993 2111 1131 2190 pendenti
1147 2131 1239 2190 puero

134 2191 313 2253 excussisset
327 2191 476 2264 indicium,
493 2192 592 2253 elusus
608 2191 683 2251 circa
700 2192 825 2271 popinas
841 2186 980 2255 errarem'
1008 2242 1010 2249 ,

146 2278 153 2284 .
672 2285 692 2323 ἦ
948 2288 952 2298 ,

219 2359 414 2437 Giton‘longe
428 2359 563 2420 blandior
578 2378 665 2438 quam
680 2377 748 2438 ego,
763 2361 891 2440 primum
907 2363 1021 2425 araneis
1037 2365 1100 2426 oleo
1116 2367 1239 2428 maden-

132 2443 212 2506 tibus
228 2444 343 2515 vulnus‚
359 2445 437 2524 quod
448 2443 478 2504 in
490 2444 643 2522 supercilio
655 2445 763 2506 factum
775 2453 845 2520 erat,
863 2449 1009 2509 coartavit.
1040 2469 1110 2511 mox
1121 2430 1238 2530 palliofo

134 2546 190 2590 suo
206 2528 358 2590 laceratam
374 2530 497 2590 mutavit
510 2538 635 2602 vestem,
655 2531 863 2611 amplexusque
877 2534 933 2593 iam
950 2533 1112 2611 mitigatum
1129 2537 1240 2598 osculis

115 2603 272 2693 *tanquam
292 2614 431 2675 fomentis
452 2633 606 2692 aggressus
622 2623 668 2675 est
682 2624 711 2676 et
722 2607 769 2677 ‘in
784 2609 846 2678 tua'
860 2617 954 2696 inquit
965 2611 1064 2698 ‘pater
1078 2621 1238 2696 carissime,

132 2698 164 2760 in
182 2706 231 2760 tua
252 2717 355 2759 sumus
372 2699 513 2760 custodia.
544 2699 690 2779 siGitona
704 2708 788 2763 tuum
803 2721 898 2775 amas,
919 2703 1014 2783 incipe
1028 2704 1101 2765 velle
1115 2723 1239 2768 servare.

132 2783 244 2844 utinam
266 2802 314 2843 me
336 2783 432 2845 solum
453 2784 589 2845 inimicus
611 2785 686 2863 ignis
707 2787 837 2848 hauriret
856 2795 906 2848 aut
920 2788 1077 2850 hibernum
1092 2790 1241 2853 invaderet

132 2886 221 2930 mare.
249 2885 303 2945 ego
316 2866 394 2927 enim
407 2869 539 2930 omnium
552 2869 693 2932 scelerum
704 2872 834 2944 materia,
847 2890 900 2948 ego
914 2890 1014 2933 caussa
1028 2893 1105 2934 sum.
1133 2875 1158 2935 si
1170 2895 1239 2955 per-
1252 2910 1258 2915 -

132 2951 214 3023 hem,
232 2951 400 3012 conveniret
414 2945 555 3014 inimicis'

671 3048 691 3086 il·

77 3123 118 3184 99
215 3112 286 3197 ‘ego
306 3119 349 3180 sic
368 3139 485 3199 semper
506 3129 534 3183 et
554 3122 662 3201 ubique
682 3122 751 3194 vixi,
777 3131 808 3184 ut
827 3123 959 3184 ultimam
982 3144 1127 3205 quamque
1142 3129 1238 3191 lucem

135 3210 277 3284 tanquam
290 3222 351 3265 non
365 3206 524 3267 redituram
540 3200 757 3270 consumerem'

386 3322 388 3326 ,
672 3303 692 3344 a

217 3373 348 3452 profusis
367 3392 421 3453 ego
439 3375 567 3436 lacrimis
586 3394 659 3454 rogo
675 3396 858 3456 quaesoque,
879 3386 911 3439 ut
926 3397 1041 3440 mecum
1057 3400 1174 3461 quoque
1190 3403 1237 3445 re-

133 3457 201 3518 deat
215 3457 246 3518 in
262 3458 397 3537 gratiam:
418 3477 512 3538 neque
531 3459 608 3519 enim
628 3461 659 3520 in
679 3462 837 3524 amantium
854 3482 920 3524 esse
935 3472 1080 3543 potestate
1094 3467 1236 3530 furiosam

132 3542 365 3604 aemulationem.
395 3545 531 3605 daturum
550 3551 647 3605 tamen
669 3565 803 3624 operam,
826 3566 863 3608 ne
882 3556 932 3609 aut
954 3549 1047 3610 dicam
1069 3560 1118 3612 aut
1132 3553 1237 3615 faciam

56 3627 65 3636 ’
132 3627 272 3706 amplius,
293 3647 350 3708 quo
368 3629 463 3707 possit
482 3627 598 3688 offendi.
628 3636 742 3692 tantum
764 3650 883 3692 omnem
905 3635 1130 3696 scabritudinem
1147 3639 1237 3718 animi

129 3719 269 3789 tanquam
285 3712 430 3772 bonarum
451 3711 556 3774 artium
578 3715 717 3793 magister
738 3716 845 3777 deleret
859 3718 922 3779 sine
937 3720 1076 3780 cicatrice.
1104 3714 1236 3784 ‘incultis

132 3795 303 3876 asperisque
320 3795 487 3874 regionibus
507 3798 614 3860 diutius
635 3801 715 3861 nives
736 3801 870 3875 haerent,
890 3811 936 3864 ast
955 3804 1003 3865 ubi
1021 3813 1117 3865 aratro
1133 3806 1236 3869 dome-

129 3880 206 3942 facta
218 3879 304 3941 tellus
323 3880 408 3953 nitet,
429 3883 500 3944 dum
520 3884 660 3963 loqueriS,
679 3885 749 3946 levis
768 3888 871 3965 pruina
887 3888 1030 3950 dilabitur.
1060 3889 1191 3951 similiter
1206 3893 1237 3953 in

129 3965 296 4045 pectoribus
311 3967 353 4028 ira
369 3969 509 4030 considit:
524 3969 601 4033 feras
614 3969 731 4048 quidem
743 3980 856 4033 mentes
870 3974 993 4045 obsidet,
1010 3973 1136 4034 eruditas
1150 3994 1237 4054 prae-
