2646 4710
491 369 633 422 sennan

109 531 140 586 et
152 522 353 606 periturorum
370 524 482 584 disiecit
496 524 551 585 tela
567 524 732 603 Gigantum.

150 605 221 670 dum
236 607 342 670 Caesar
356 609 482 670 tumidas
497 608 588 669 iratus
604 609 741 689 deprimit
751 620 852 683 arces,

107 694 218 755 interea
233 693 350 755 volucer
363 694 453 755 motis
468 694 623 755 conterrita
638 695 736 774 pinnis

107 780 196 841 Fama
211 779 290 839 volat
304 779 473 859 summique
488 779 561 858 petit
574 780 640 857 iuga
656 781 732 842 celsa
747 780 837 842 Palati

108 871 196 945 atque
210 865 269 925 hoc
283 863 416 925 Romano
432 865 542 925 tonitru
558 864 625 925 ferit
640 866 739 926 omnia
755 866 850 944 signa:

107 950 164 1010 iam
180 950 288 1010 classes
303 950 417 1012 fluitare
431 949 505 1009 mari
519 956 656 1028 totasque
671 970 724 1029 per
739 951 826 1030 Alpes

105 1034 220 1096 fervere
235 1034 380 1096 Germano
395 1035 528 1114 perfusas
545 1035 688 1114 sanguine
701 1044 823 1097 turmas.

91 1116 201 1192 arma,
220 1138 321 1194 cruor,
336 1122 450 1193 caedes,
465 1120 596 1180 incendia
611 1121 811 1199 totaquebella
972 1149 975 1153 ’
1030 1140 1079 1190 111

108 1211 176 1266 1111
191 1206 293 1266 oculos
309 1206 435 1267 volitant
466 1223 535 1282 ergo
551 1205 664 1283 pulsata
678 1207 807 1268 tumultu

108 1298 227 1370 pectora
242 1309 352 1370 perque
367 1292 439 1351 duas
455 1289 628 1351 scinduntur
642 1291 741 1352 1111111
757 1311 869 1353 causas.

108 1375 177 1437 huic
190 1375 258 1455 fuga
273 1394 327 1455 per
339 1383 448 1447 terras,
465 1375 504 1435 illi
521 1375 612 1454 magis
628 1377 704 1437 unda
720 1377 863 1455 probatur

109 1469 139 1522 et
152 1461 244 1539 patria
260 1469 369 1540 pontus
385 1463 442 1522 iarn
456 1461 556 1522 tutior.
583 1469 627 1522 est
641 1462 734 1540 magis
750 1480 830 1523 arma

108 1546 158 1627 qui
172 1552 317 1626 temptare
332 1546 400 1607 11111
413 1545 539 1625 fatisque
555 1546 722 1608 iubentibus
737 1547 788 1609 uti.
1029 1564 1078 1615 111

107 1639 249 1711 quantum
265 1631 390 1712 quisque
405 1632 501 1706 timet,
517 1640 630 1709 tanturn
646 1632 728 1710 fugit.
760 1631 841 1694 ocior
856 1633 920 1712 ipse

107 1716 164 1777 hos
179 1716 255 1779 inter
269 1725 369 1778 motus
384 1718 525 1797 populus,
541 1716 706 1777 miserabile
721 1718 797 1789 visu,

109 1820 168 1882 quo
185 1821 268 1863 mens
284 1802 339 1864 1111
355 1803 448 1874 iubet,
464 1804 575 1863 deserta
592 1802 708 1863 ducitur
721 1802 803 1863 urbe.

110 1887 216 1967 gaudet
231 1888 325 1948 Roma
339 1887 421 1966 iuga,
437 1887 626 1966 debellatique
641 1888 768 1960 Quirites

108 1972 238 2034 rumoris
253 1973 351 2033 sonitu
368 1972 524 2032 maerentia
539 1980 615 2034 tecta
630 1973 803 2051 relinquunt.
1030 1989 1079 2040 225

110 2058 156 2119 ille
170 2076 260 2119 manu
275 2058 378 2137 pavida
392 2064 477 2118 natos
493 2064 585 2131 tenet,
601 2058 648 2118 1111
664 2065 783 2137 penates

109 2143 234 2204 occultat
248 2143 359 2220 gremio
376 2141 615 2222 deploratumque
629 2143 766 2222 relinquit

111 2227 200 2288 limen
213 2235 242 2288 et
256 2227 406 2288 absentem
423 2232 498 2289 votis
515 2228 650 2289 1111111111
664 2229 791 2290 hostem.

112 2321 182 2374 suut
196 2312 246 2392 qui
262 2312 433 2392 coniugibus
449 2315 607 2375 maerentia
622 2323 741 2393 pectora
757 2316 890 2393 iungant,

110 2397 348 2477 grandaevosque
363 2405 460 2478 patres
478 2399 633 2478 onerisque
648 2399 746 2478 ignara
761 2400 904 2461 iuventus.
1030 2414 1079 2465 230

110 2483 139 2544 id
154 2502 209 2564 pro
226 2502 284 2563 quo
300 2483 417 2556 metuit,
433 2492 546 2544 tantum
561 2485 657 2545 trahit.
689 2485 788 2545 omnia
805 2503 904 2545 secum

58 2615 60 2618 v
110 2567 158 2630 hic
171 2569 249 2630 vehit
263 2569 435 2647 imprudens
450 2568 644 2648 praedamque
659 2569 688 2629 in
707 2569 814 2648 proelia
831 2569 919 2630 ducit.

16 2663 18 2667 ’
109 2672 143 2715 11
158 2655 236 2714 11111
250 2673 284 2714 ex
300 2654 356 2714 alto
369 2672 436 2714 cum
452 2672 576 2733 magnus
592 2654 738 2715 inhorruit
751 2662 850 2715 auster

110 2745 139 2799 et
153 2738 252 2818 pulsas
268 2739 369 2800 evertit
382 2757 487 2817 aquas,
503 2757 565 2800 non
580 2758 660 2799 arma
673 2738 835 2812 ministris,

110 2841 170 2884 non
185 2841 324 2902 regumen
340 2825 476 2902 prodest,
493 2823 561 2901 ligat
576 2824 648 2885 alter
662 2824 792 2904 pondera
808 2824 910 2904 pinus,
1030 2839 1079 2890 235

111 2910 182 2969 alter
196 2915 256 2970 tuta
272 2909 338 2970 sinu
353 2909 562 2989 tranquillaque
577 2909 662 2970 litora
677 2910 801 2988 quaerit:

110 2993 159 3055 hic
173 2994 222 3055 dat
235 2994 296 3054 vela
311 2995 395 3072 fugae
409 2995 603 3074 fortunaeque
618 2996 716 3057 omnia
732 2996 832 3057 1111111.

112 3077 181 3157 quid
196 3085 254 3140 tam
271 3098 359 3159 parva
376 3079 505 3159 queror?
520 3081 637 3159 gemino
654 3100 720 3142 cum
738 3081 857 3142 consule
871 3080 1008 3159 Magnus,

110 3163 157 3224 1111
170 3170 282 3224 tremor
296 3165 384 3225 Ponti
399 3166 534 3244 saevique
548 3174 681 3244 repertor
696 3166 841 3245 Hydaspis

111 3256 141 3310 et
154 3248 312 3328 piratarum
329 3251 485 3329 scopulus,
502 3250 592 3310 modo
608 3269 695 3329 quern
711 3256 757 3310 ter
771 3257 904 3312 ovantem
1031 3264 1080 3315 240

110 3334 241 3413 Iuppiter
255 3335 422 3408 horruerat,
439 3354 525 3414 quern
540 3335 633 3395 fracto
650 3335 762 3413 gurgite
777 3335 890 3398 Pontus

111 3426 140 3480 et
153 3426 306 3481 veneratus
321 3427 383 3481 erat
398 3420 557 3481 summissa
573 3419 723 3499 Bosporos
739 3420 828 3494 unda,

111 3522 166 3583 pro
182 3505 291 3585 pudor,
306 3505 420 3584 imperii
436 3505 552 3566 deserto
567 3504 688 3565 nomine
702 3504 788 3583 fugit,

112 3597 145 3650 ut
159 3590 288 3651 Fortuna
302 3591 372 3652 levis
387 3590 483 3668 Magni
500 3609 616 3670 quoque
630 3598 709 3668 terga
725 3589 843 3650 videret.

154 3692 222 3753 ergo
237 3682 316 3737 tanta
331 3676 392 3736 lues
408 3676 506 3735 divom
523 3693 640 3754 quoque
655 3675 774 3736 numina
789 3674 869 3749 vicit,
1030 3689 1079 3741 245
1125 3655 1184 3749 124

112 3760 321 3839 consensitque
335 3761 421 3839 fugae
437 3761 507 3822 caeli
521 3762 620 3821 timor.
650 3779 716 3821 1111
732 3779 784 3839 per
800 3761 901 3821 orbem

110 3843 190 3904 mitis
204 3845 290 3906 turha
305 3845 392 3906 deum
408 3852 501 3907 terras
517 3864 603 3905 exosa
618 3845 741 3906 furentis

112 3929 221 3990 deserit
235 3937 321 4009 atque
336 3930 489 3992 homiuum
506 3931 674 3991 damnatum
689 3929 827 3991 avertitur
841 3946 954 4007 agmen.

111 4013 172 4077 Pax
186 4015 282 4095 prima
297 4022 364 4078 ante
378 4015 447 4078 alias
462 4016 562 4077 niveos
578 4016 692 4096 pulsata
705 4016 828 4078 lacertos
843 4071 844 4074 ,
