2646 4710
89 409 90 416 Ν
133 346 175 409 56
603 337 760 390 rnrnoun

77 497 118 559 98
134 497 233 576 utique
244 496 307 558 eius
324 513 411 574 quern
425 500 496 573 post
509 491 664 553 fatalem
640 510 734 551 rixam
749 491 901 551 habuisset
916 491 1108 550 carissimum.
1134 496 1164 550 at
1178 507 1238 550 non

134 599 233 643 servus
248 581 382 660 publicus
396 586 456 639 tam
472 577 607 672 languide
622 577 693 654 agit,
709 578 760 636 sed
776 582 890 655 raptam
907 576 1031 670 cauponi
1046 574 1236 647 harundinem

134 666 236 727 subter
257 667 363 727 lectum
380 663 469 724 mittit
484 661 639 740 omniaque
656 660 742 721 etiam
757 660 902 720 foramina
920 659 1062 738 parietum
1084 667 1237 720 scrutatur.
1266 667 1273 675 '

133 750 312 811 subducebat
338 748 384 809 (ιιι
372 756 425 808 ιιι
447 747 482 808 ab
504 747 565 806 ictu
591 763 699 824 corpus
726 751 755 806 et
779 745 899 805 reducto
925 744 1110 805 timidissime
1136 745 1238 824 spiritu

133 836 216 914 ipsos
233 834 380 913 sciniphes
397 850 447 892 ore
461 831 597 909 tangebat
672 923 693 961 ᾗ

217 1002 380 1084 Eumolpus
397 1008 503 1094 autern,
521 998 586 1077 quia
602 998 702 1059 ell'ract
690 1005 753 1058 tum
770 997 878 1058 ostium
894 998 981 1059 cellae
995 999 1141 1059 neminem
1155 1008 1239 1098 pote-

133 1094 179 1149 rat
189 1086 374 1158 excludere,
366 1084 489 1163 irrumpi
491 1083 701 1162 perturbatus
713 1088 741 1142 et
752 1073 849 1143 ‘mille
861 1074 975 1161 inquit‘
977 1101 1119 1144 nummos
1131 1102 1240 1160 invem,

133 1173 191 1233 iarn
211 1171 288 1232 enim
308 1188 468 1266 persequar
487 1168 641 1229 abeuntem
662 1185 858 1268 praeconem
859 1168 914 1227 et
907 1186 936 1228 ιι
951 1175 1096 1247 potestate
1110 1176 1161 1229 tua
1178 1189 1240 1230 esse

134 1256 183 1317 (ιιι
170 1263 269 1316 ιοιιιι
285 1254 472 1316 meritissima
487 1252 594 1349 prodit
587 1269 654 1312 rone
665 1243 858 1313 monstrabo?
880 1270 973 1354 genua
986 1272 1039 1354 egp
1052 1271 1240 1355 perseveran-

133 1341 172 1402 tis
188 1341 356 1420 amplector,
371 1358 409 1400 ne
423 1337 551 1400 morient
552 1356 583 1397 es
538 1337 681 1398 ttvelle
696 1337 841 1411 occidere,
863 1344 892 1397 ιι
902 1329 1028 1398 ‘merito'
1043 1338 1161 1416 inquam
1174 1329 1241 1399 (ιι-

135 1425 332 1497 candesceres,
349 1425 374 1485 si
389 1442 494 1503 posses
511 1422 657 1519 perditum
673 1423 836 1483 ostendere.
863 1441 943 1483 nunc
954 1424 1029 1483 inter
1040 1424 1156 1483 turbam
1169 1442 1242 1502 puer

134 1509 217 1588 fugit,
233 1529 288 1571 nec
302 1528 361 1589 qno
378 1508 488 1580 abierit,
504 1526 647 1586 suspicari
661 1525 796 1609 possum
827 1524 878 1584 per
894 1508 980 1567 tidem
988 1508 1172 1585 ‚‚Eumolpe
1193 1528 1241 1569 re-

135 1596 192 1656 duc
206 1613 331 1675 puerum
347 1601 376 1654 et
391 1593 434 1653 vel
448 1592 565 1670 Ascylto
580 1582 687 1651 redde.>
717 1591 787 1651 dnm
802 1592 873 1652 haec
888 1610 941 1670 ego
954 1593 1012 1653 iam
1028 1593 1157 1653 credent
1136 1599 1158 1653 ιι
1173 1612 1241 1672 per-

135 1681 260 1751 suadeo,
278 1677 324 1739 Git
312 1686 364 1739 ton
380 1676 549 1737 collectione
566 1674 686 1755 spiritus
702 1675 807 1754 plenus
822 1684 868 1737 ιιι
882 1678 1021 1737 continuo
1037 1677 1075 1737 ιιι
1091 1685 1242 1739 sternuta-

134 1763 183 1835 ιιι,
198 1770 231 1823 ιι
245 1763 396 1840 grabatum
412 1767 588 1822 concuteret.
619 1760 654 1820 ad
671 1778 757 1838 quem
774 1768 887 1821 motum
902 1763 1065 1842 Eumolpus
1081 1780 1241 1824 conversus

109 1875 116 1888 ²
135 1847 244 1910 salvere
255 1847 362 1909 Gitona
376 1846 463 1907 iubet
491 1851 602 1906 remota
617 1844 703 1905 etiarn
721 1846 822 1906 culcita
834 1846 912 1907 videt
922 1846 1043 1918 Vlixem,
1060 1865 1105 1908 cur
1098 1848 1161 1908 vel
1173 1868 1241 1909 esu·

134 1933 213 1994 riens
230 1931 352 2035 Cyclops
373 1931 520 2011 potuisset
539 1948 666 2009 parcere.
697 1949 766 1990 mox
787 1949 946 1992 conversus
969 1933 1005 1993 ad
1025 1951 1072 1991 me
1083 1924 1170 2011 ‘quid
1187 1924 1241 1994 est

134 2017 230 2114 inquit
240 2010 350 2078 ‘latro‘l
379 2035 415 2077 ne
431 2016 631 2094 deprehensus
648 2014 765 2093 quidem
783 2034 872 2077 ausus
888 2036 919 2077 es
936 2017 1007 2078 mihi
1018 2036 1119 2078 verum
1135 2017 1241 2079 dicere

134 2102 227 2163 immo
248 2102 278 2162 ni
300 2102 373 2163 deus
396 2102 513 2180 quidam
534 2102 728 2161 humanarum
750 2119 849 2161 rerum
870 2102 945 2162 arbit
933 2109 976 2162 ter
971 2103 1132 2203 pendenti
1148 2122 1240 2182 puero

135 2186 315 2248 excussisset
329 2186 478 2258 indicium,
494 2184 633 2246 elusus
610 2203 685 2244 cuca
701 2185 826 2265 popinas
842 2177 1012 2247 errarem'.

673 2279 694 2317 ι

220 2353 321 2415 Giton
329 2354 416 2432 longe
430 2353 565 2414 blandior
579 2372 667 2432 qnam
682 2371 750 2432 ego,
764 2355 892 2433 primum
909 2356 1023 2417 araneis
1039 2357 1102 2418 oleo
1118 2358 1241 2419 maden·

134 2439 214 2501 tibus
230 2439 344 2511 vulnus,
361 2439 458 2518 quod
450 2458 479 2499 rn
491 2439 645 2517 supercilio
657 2439 765 2499 factum
777 2447 847 2512 erat,
865 2441 1011 2502 coartavit
1042 2461 1111 2502 mox
1122 2421 1241 2522 palliolo

116 2542 192 2612 *suo
208 2524 360 2585 laceratam
376 2525 499 2586 mutavit
512 2532 637 2596 vestem,
657 2487 886 2669 amplexusqrie
879 2545 935 2586 ram
952 2526 1114 2604 mitigatum
1131 2528 1242 2589 osculis

135 2616 274 2705 tanquam
294 2609 433 2669 lomentis
454 2627 608 2688 aggressus
624 2616 699 2669 este
684 2601 733 2670 ιι
740 2611 770 2671 ιι
786 2602 847 2671 tua
862 2610 957 2707 inquit
967 2605 1066 2690 tpater
1080 2613 1241 2687 carissime,

134 2693 166 2755 in
184 2700 233 2754 tua
254 2712 357 2755 sumus
374 2693 515 2755 custodia.
546 2695 571 2754 si
588 2694 635 2754 (ιιι
622 2701 692 2755 ιοιι
706 2703 789 2757 tuum
805 2714 900 2767 amas,
921 2696 1016 2775 incipe
1031 2697 1102 2757 velle
1117 2715 1241 2759 servare.

134 2778 247 2839 ιιιιιιιι
268 2797 316 2838 me
338 2779 463 2838 solum
456 2779 592 2840 inimicus
613 2780 688 2857 ignis
710 2781 839 2841 hauriret
827 2788 908 2841 ttau
896 2781 1078 2842 thibernum
1094 2781 1243 2845 invaderet

135 2881 223 2924 mare.
252 2879 395 2940 egoenim
409 2863 902 2964 omniumscelerummaterra,ego
916 2883 1107 2925 caussasum
1135 2886 1241 2947 siper
1255 2900 1261 2907 ·

134 2946 216 3018 irem,
234 2945 403 3006 conveniret
416 2939 557 3007 inimicis'

673 3041 694 3079 ἰι

80 3119 121 3181 99
217 3107 288 3191 ‘ego
309 3113 351 3174 sic
370 3122 537 3193 semperet
557 3113 709 3193 ubique'
684 3117 754 3187 vixi,
779 3122 811 3176 ut
798 3116 961 3177 tultimam
984 3136 1130 3197 quamque
1145 3121 1241 3182 lucem

138 3206 279 3279 tanquam·
292 3216 353 3260 non
368 3200 526 3261 redituram
543 3218 746 3262 consumerem

389 3317 390 3320 ,
674 3297 695 3338 ιι

219 3368 351 3447 profusis
370 3387 423 3447 ego
442 3370 570 3432 lacrimis
588 3388 662 3449 rogo
678 3389 861 3451 quaesoque,
882 3377 915 3431 ut
929 3389 1043 3431 mecum
1060 3392 1177 3453 quoque
1193 3394 1240 3437 re-

136 3453 204 3514 deat
217 3454 249 3515 in
264 3454 400 3533 gratiam:
420 3473 515 3534 neque
534 3455 610 3515 enim
630 3455 661 3515 in
683 3456 840 3517 amantium
857 3475 923 3516 esse
939 3464 1082 3534 potestate
1097 3459 1240 3522 furiosam

135 3538 368 3600 aemulationem.
399 3539 534 3600 daturum
552 3546 651 3599 tamen
672 3559 806 3619 operam,
830 3558 866 3600 ne
885 3549 935 3601 ant
923 3541 1049 3601 tdicam
1072 3552 1121 3604 aut
1109 3544 1240 3606 tfaciam

60 3622 68 3632 ‘
135 3623 275 3702 ampliu8‚
296 3643 353 3703 quo
371 3625 466 3702 possit
485 3623 644 3684 offendit
631 3631 746 3685 tantum
767 3643 886 3685 omnem
908 3626 1133 3689 scabritudinem
1151 3631 1241 3710 animi

133 3713 272 3802 tanquam
288 3708 433 3768 bonarum
454 3707 559 3769 artium
581 3709 688 3786 magist
689 3729 720 3770 cr
676 3710 848 3770 tdeleret
836 3710 926 3771 tsine
941 3711 1080 3772 cicatrice.
1107 3698 1240 3775 ‘incultis

135 3791 305 3870 asperisque
324 3791 490 3869 regionibus
510 3792 617 3854 diutius
637 3794 718 3854 nives
739 3795 873 3868 haerent,
894 3803 939 3856 ast
927 3795 1007 3857 tubi
1025 3805 1120 3857 aratro
1136 3799 1239 3860 dome-

133 3875 209 3937 facta
221 3875 307 3936 tellus
327 3875 411 3947 nitet,
433 3878 503 3939 dum
522 3878 663 3958 loqueris,
683 3879 752 3939 levis
772 3879 874 3957 pruina
890 3880 1033 3942 dilabitur.
1063 3881 1195 3942 similiter
1210 3885 1240 3945 in

133 3960 299 4040 pectoribus
314 3962 357 4023 ira
372 3964 512 4024 considit:
527 3964 604 4025 feras
617 3965 734 4044 quidem
747 3972 860 4026 mentes
874 3967 997 4039 obsidet,
1013 3966 1140 4027 eruditas
1153 3986 1240 4046 prae
