2646 4710
608 359 758 415 cannula

332 516 494 596 deprensos
510 534 563 594 ego
580 516 729 597 perforare
744 535 866 596 possum

331 600 493 667 Tithonum
509 602 716 682 Priamumque
731 602 952 680 Nestoremque.

623 806 749 867 LXXVII
805 824 808 829 ’

331 909 493 969 immanem
509 909 692 969 stomachum
710 908 782 968 mihi
797 909 938 981 movetis,

331 994 380 1073 qui
397 994 517 1054 densam
531 993 625 1054 facitis
642 993 765 1054 subinde
781 1013 899 1072 saepem

330 1085 359 1138 et
372 1078 452 1138 fures
468 1077 631 1157 prohibetis
646 1079 705 1139 hue
720 1079 807 1139 adire.

330 1164 388 1224 boe
403 1171 447 1224 est
461 1163 588 1236 laedere,
606 1164 674 1224 dum
691 1164 812 1238 iuratis3
828 1165 885 1224 hoo
899 1170 945 1224 est

331 1266 392 1309 non
407 1249 559 1309 admittere
575 1249 609 1309 ad
626 1267 770 1328 aucupem
785 1251 926 1310 volueres.

332 1334 480 1396 obstructa
495 1341 540 1394 est
554 1334 616 1407 via,
631 1352 685 1395 nee
700 1335 766 1395 lieet
777 1334 879 1395 iacenti

330 1420 438 1480 iactura
454 1421 529 1480 natis
546 1419 661 1498 expiare
677 1421 799 1498 eulpam.

331 1523 401 1582 ergo
418 1505 466 1584 qui
482 1505 564 1583 prius
581 1524 673 1583 usque
689 1512 717 1565 et
731 1523 824 1583 usqne
839 1512 867 1565 et
882 1523 975 1584 usque

330 1589 428 1650 furum
444 1589 576 1650 scindere
591 1590 712 1667 podices
728 1590 874 1662 solebam,

333 1693 385 1754 per
400 1682 501 1734 noctes
517 1675 627 1753 aliquot
643 1675 761 1752 diesque
777 1694 872 1735 eesso.

332 1777 443 1838 poenas
460 1760 497 1820 do
515 1778 645 1838 quoque,
662 1760 741 1837 quod
758 1759 828 1819 satis
842 1778 988 1839 superque
1003 1766 1068 1833 est,

331 1844 360 1903 in
378 1862 536 1923 semenque
551 1844 622 1905 abeo
639 1845 775 1923 salaxque
791 1845 937 1923 quondam

332 1946 411 1989 nune
427 1930 513 1990 vitam
531 1948 637 2008 perage
650 1964 693 1973 —-
709 1930 773 2008 quis
790 1931 847 1991 hoc
862 1927 997 2008 putmet?
1011 1965 1053 1973 -—

331 2021 364 2075 ut
378 2015 476 2075 elusus
494 2015 679 2075 citharoedus
696 2014 899 2076 abstinentem.

334 2105 363 2159 at
376 2118 443 2172 vos,
460 2118 497 2160 ne
512 2118 630 2178 peream
646 2101 704 2161 situ
719 2099 815 2171 senili,

332 2201 455 2262 quaeso,
472 2185 594 2245 desinite
609 2203 675 2245 esse
690 2185 841 2263 diligentes
927 2205 931 2212 ’

333 2287 404 2329 neve
419 2270 561 2348 imponite
577 2269 693 2330 fibulam
711 2270 826 2349 Priapo.

619 2471 758 2533 LXXVIII

334 2574 372 2634 At
387 2573 415 2634 di
431 2575 556 2652 deaeque
573 2574 707 2635 dentibus
723 2575 780 2636 tuis
797 2593 894 2635 eseam

334 2667 454 2737 negent,
470 2660 579 2720 amicae
596 2660 761 2738 cunnilinge
777 2660 900 2729 vicinae,

334 2763 487 2824 perquem
503 2746 597 2824 puella
611 2746 697 2805 fertis
714 2753 779 2806 ante
794 2764 849 2806 nee
864 2744 988 2806 mendax

333 2837 362 2889 et
377 2849 451 2909 quae
466 2830 577 2891 solebat
587 2831 713 2909 impigro
731 2831 805 2891 eeler
820 2849 911 2909 passu

337 2915 371 2974 ad
386 2933 443 2975 nos
458 2915 573 2988 venire,
589 2934 669 2977 nune
684 2916 794 2976 misella
809 2916 919 2975 landiee

334 3000 379 3060 vix
392 3018 482 3079 posse
497 3000 572 3061 Iurat
586 3000 732 3062 ambulare
744 3019 812 3079 prae
827 3001 927 3060 fossis.

608 3186 760 3250 LXXVllll

337 3290 453 3371 Priape,
469 3291 547 3371 quod
562 3291 603 3351 sis
618 3291 731 3351 fascino
748 3289 841 3369 gravis
855 3297 950 3364 tento,

336 3378 414 3456 quod
430 3376 614 3456 exprobravit
629 3376 675 3435 bie
689 3376 741 3437 tibi
757 3395 812 3436 suo
829 3394 914 3435 versu

336 3471 422 3541 poeta
437 3470 550 3535 noster,
566 3461 736 3522 erubescere
753 3462 810 3521 hoe
824 3461 900 3520 noli:

335 3566 397 3607 non
412 3566 443 3607 es
459 3555 544 3626 poeta
559 3546 735 3607 fascinosior
750 3553 862 3606 nostro.

637 3733 740 3795 LXXX

335 3837 372 3898 At
386 3855 447 3897 non
462 3837 548 3914 longa
563 3837 649 3909 bene,
666 3844 695 3896 at
710 3852 770 3895 non
787 3843 843 3896 stat
859 3836 932 3897 bene
948 3835 1075 3897 mentula
1091 3854 1192 3897 erassa

378 3930 407 3983 et
422 3942 508 4001 quam
524 3922 550 3982 si
564 3929 682 3994 tractes,
700 3939 829 3982 creseere
844 3941 932 4001 posse
948 3929 1044 4000 putee.

335 4027 383 4070 me
397 4008 555 4083 miserum,
572 4007 693 4088 cupidas
707 4007 780 4070 fallit
794 4026 930 4070 mensura
943 4007 1070 4087 puellae:
