<?xml version="1.0" encoding="UTF-8"?>
<!DOCTYPE html PUBLIC "-//W3C//DTD XHTML 1.0 Transitional//EN"
    "http://www.w3.org/TR/xhtml1/DTD/xhtml1-transitional.dtd">
<html xmlns="http://www.w3.org/1999/xhtml" xml:lang="en" lang="en">
 <head>
  <title>
</title>
<meta http-equiv="Content-Type" content="text/html;charset=utf-8" />
  <meta name='ocr-system' content='tesseract 3.04.00' />
  <meta name='ocr-capabilities' content='ocr_page ocr_carea ocr_par ocr_line ocrx_word'/>
</head>
<body>
  <div class='ocr_page' id='page_1' title='image "./petroniiarbitri00arbigoog_0126.png"; bbox 0 0 2646 4710; ppageno 0'>
   <div class='ocr_carea' id='block_1_1' title="bbox 448 379 677 435">
    <p class='ocr_par' dir='ltr' id='par_1_1' title="bbox 448 379 677 435">
     <span class='ocr_line' id='line_1_1' title="bbox 448 379 677 435; baseline -0.004 0"><span class='ocrx_word' id='word_1_1' title='bbox 448 381 451 386; x_wconf 82' lang='lat'>&#39;</span> <span class='ocrx_word' id='word_1_2' title='bbox 534 379 677 435; x_wconf 78' lang='lat' dir='ltr'><strong>rularua</strong></span> 
     </span>
    </p>
   </div>
   <div class='ocr_carea' id='block_1_2' title="bbox 549 534 668 599">
    <p class='ocr_par' dir='ltr' id='par_1_2' title="bbox 549 534 668 599">
     <span class='ocr_line' id='line_1_2' title="bbox 549 534 668 599; baseline 0.017 -2"><span class='ocrx_word' id='word_1_3' title='bbox 549 534 668 599; x_wconf 82' lang='lat' dir='ltr'>XXVIII</span> 
     </span>
    </p>
   </div>
   <div class='ocr_carea' id='block_1_3' title="bbox 245 635 848 1059">
    <p class='ocr_par' dir='ltr' id='par_1_3' title="bbox 245 635 807 887">
     <span class='ocr_line' id='line_1_3' title="bbox 247 635 807 717; baseline 0.005 -20"><span class='ocrx_word' id='word_1_4' title='bbox 247 636 306 709; x_wconf 84' lang='lat' dir='ltr'><strong>Tu,</strong></span> <span class='ocrx_word' id='word_1_5' title='bbox 323 635 372 716; x_wconf 94' lang='lat' dir='ltr'><strong>qui</strong></span> <span class='ocrx_word' id='word_1_6' title='bbox 387 653 449 697; x_wconf 90' lang='lat' dir='ltr'><strong>nou</strong></span> <span class='ocrx_word' id='word_1_7' title='bbox 463 635 539 698; x_wconf 90' lang='lat' dir='ltr'><strong>bene</strong></span> <span class='ocrx_word' id='word_1_8' title='bbox 554 637 663 715; x_wconf 78' lang='lat' dir='ltr'>cogitas</span> <span class='ocrx_word' id='word_1_9' title='bbox 679 645 707 698; x_wconf 87' lang='lat' dir='ltr'><strong>et</strong></span> <span class='ocrx_word' id='word_1_10' title='bbox 722 655 807 717; x_wconf 74' lang='lat' dir='ltr'><strong>aegre</strong></span> 
     </span>
     <span class='ocr_line' id='line_1_4' title="bbox 247 721 792 801; baseline 0.006 -19"><span class='ocrx_word' id='word_1_11' title='bbox 247 722 393 800; x_wconf 89' lang='lat' dir='ltr'><strong>carpendo</strong></span> <span class='ocrx_word' id='word_1_12' title='bbox 409 721 463 782; x_wconf 95' lang='lat' dir='ltr'><strong>tibi</strong></span> <span class='ocrx_word' id='word_1_13' title='bbox 476 729 624 801; x_wconf 81' lang='lat' dir='ltr'><strong>temperas</strong></span> <span class='ocrx_word' id='word_1_14' title='bbox 640 722 675 784; x_wconf 92' lang='lat' dir='ltr'><strong>ab</strong></span> <span class='ocrx_word' id='word_1_15' title='bbox 691 722 792 798; x_wconf 87' lang='lat' dir='ltr'><strong>horto,</strong></span> 
     </span>
     <span class='ocr_line' id='line_1_5' title="bbox 245 806 664 887; baseline 0.007 -21"><span class='ocrx_word' id='word_1_16' title='bbox 245 806 417 886; x_wconf 88' lang='lat' dir='ltr'><strong>pedicabere</strong></span> <span class='ocrx_word' id='word_1_17' title='bbox 432 807 543 868; x_wconf 86' lang='lat' dir='ltr'><strong>fascino</strong></span> <span class='ocrx_word' id='word_1_18' title='bbox 559 807 664 887; x_wconf 91' lang='lat' dir='ltr'><strong>pedali.</strong></span> 
     </span>
    </p>

    <p class='ocr_par' dir='ltr' id='par_1_4' title="bbox 245 892 848 1059">
     <span class='ocr_line' id='line_1_6' title="bbox 246 892 848 974; baseline 0.01 -23"><span class='ocrx_word' id='word_1_19' title='bbox 246 893 324 971; x_wconf 88' lang='lat' dir='ltr'><strong>quod</strong></span> <span class='ocrx_word' id='word_1_20' title='bbox 342 892 367 952; x_wconf 89' lang='lat' dir='ltr'><strong>si</strong></span> <span class='ocrx_word' id='word_1_21' title='bbox 381 898 442 952; x_wconf 87' lang='lat' dir='ltr'><strong>tam</strong></span> <span class='ocrx_word' id='word_1_22' title='bbox 457 893 553 971; x_wconf 80' lang='lat' dir='ltr'><strong>gravis</strong></span> <span class='ocrx_word' id='word_1_23' title='bbox 569 899 599 953; x_wconf 89' lang='lat' dir='ltr'><strong>et</strong></span> <span class='ocrx_word' id='word_1_24' title='bbox 613 893 736 957; x_wconf 86' lang='lat' dir='ltr'><strong>molesta</strong></span> <span class='ocrx_word' id='word_1_25' title='bbox 753 913 848 974; x_wconf 86' lang='lat' dir='ltr'><strong>poena</strong></span> 
     </span>
     <span class='ocr_line' id='line_1_7' title="bbox 245 977 754 1059; baseline 0.006 -21"><span class='ocrx_word' id='word_1_26' title='bbox 245 995 306 1038; x_wconf 91' lang='lat' dir='ltr'><strong>non</strong></span> <span class='ocrx_word' id='word_1_27' title='bbox 321 977 491 1056; x_wconf 77' lang='lat' dir='ltr'><strong>profecerit,</strong></span> <span class='ocrx_word' id='word_1_28' title='bbox 508 978 610 1041; x_wconf 86' lang='lat' dir='ltr'><strong>altiora</strong></span> <span class='ocrx_word' id='word_1_29' title='bbox 625 985 754 1059; x_wconf 86' lang='lat' dir='ltr'><strong>tangam.</strong></span> 
     </span>
    </p>
   </div>
   <div class='ocr_carea' id='block_1_4' title="bbox 533 1148 664 1210">
    <p class='ocr_par' dir='ltr' id='par_1_5' title="bbox 533 1148 664 1210">
     <span class='ocr_line' id='line_1_8' title="bbox 533 1148 664 1210; baseline 0 -1"><span class='ocrx_word' id='word_1_30' title='bbox 533 1148 664 1210; x_wconf 86' lang='lat' dir='ltr'>XXVIIII</span> 
     </span>
    </p>
   </div>
   <div class='ocr_carea' id='block_1_5' title="bbox 245 1249 870 1654">
    <p class='ocr_par' dir='ltr' id='par_1_6' title="bbox 245 1249 825 1414">
     <span class='ocr_line' id='line_1_9' title="bbox 246 1249 825 1329; baseline 0.005 -20"><span class='ocrx_word' id='word_1_31' title='bbox 246 1249 426 1323; x_wconf 89' lang='lat' dir='ltr'><strong>Obscoenis,</strong></span> <span class='ocrx_word' id='word_1_32' title='bbox 442 1268 572 1329; x_wconf 83' lang='lat' dir='ltr'><strong>peream,</strong></span> <span class='ocrx_word' id='word_1_33' title='bbox 588 1250 705 1329; x_wconf 83' lang='lat' dir='ltr'><strong>Priape,</strong></span> <span class='ocrx_word' id='word_1_34' title='bbox 724 1251 749 1311; x_wconf 95' lang='lat' dir='ltr'><strong>sl</strong></span> <span class='ocrx_word' id='word_1_35' title='bbox 765 1271 825 1312; x_wconf 90' lang='lat' dir='ltr'><strong>non</strong></span> 
     </span>
     <span class='ocr_line' id='line_1_10' title="bbox 245 1334 792 1414; baseline 0.005 -20"><span class='ocrx_word' id='word_1_36' title='bbox 245 1334 287 1394; x_wconf 92' lang='lat' dir='ltr'><strong>uti</strong></span> <span class='ocrx_word' id='word_1_37' title='bbox 304 1354 351 1394; x_wconf 90' lang='lat' dir='ltr'><strong>me</strong></span> <span class='ocrx_word' id='word_1_38' title='bbox 366 1335 456 1414; x_wconf 90' lang='lat' dir='ltr'><strong>pudet</strong></span> <span class='ocrx_word' id='word_1_39' title='bbox 471 1335 674 1414; x_wconf 87' lang='lat' dir='ltr'><strong>improbisque</strong></span> <span class='ocrx_word' id='word_1_40' title='bbox 690 1336 792 1397; x_wconf 85' lang='lat' dir='ltr'><strong>verbis.</strong></span> 
     </span>
    </p>

    <p class='ocr_par' dir='ltr' id='par_1_7' title="bbox 245 1420 756 1586">
     <span class='ocr_line' id='line_1_11' title="bbox 245 1420 756 1499; baseline 0.002 -19"><span class='ocrx_word' id='word_1_41' title='bbox 245 1420 297 1480; x_wconf 89' lang='lat' dir='ltr'><strong>sed</strong></span> <span class='ocrx_word' id='word_1_42' title='bbox 314 1439 381 1480; x_wconf 89' lang='lat' dir='ltr'><strong>cum</strong></span> <span class='ocrx_word' id='word_1_43' title='bbox 393 1427 425 1481; x_wconf 90' lang='lat' dir='ltr'><strong>tu</strong></span> <span class='ocrx_word' id='word_1_44' title='bbox 440 1421 537 1499; x_wconf 89' lang='lat' dir='ltr'><strong>posito</strong></span> <span class='ocrx_word' id='word_1_45' title='bbox 554 1420 625 1483; x_wconf 90' lang='lat' dir='ltr'><strong>deus</strong></span> <span class='ocrx_word' id='word_1_46' title='bbox 641 1420 756 1499; x_wconf 88' lang='lat' dir='ltr'><strong>pudore</strong></span> 
     </span>
     <span class='ocr_line' id='line_1_12' title="bbox 246 1505 751 1586; baseline 0.004 -22"><span class='ocrx_word' id='word_1_47' title='bbox 246 1506 386 1565; x_wconf 88' lang='lat' dir='ltr'><strong>ostendas</strong></span> <span class='ocrx_word' id='word_1_48' title='bbox 401 1506 472 1566; x_wconf 92' lang='lat' dir='ltr'><strong>mihi</strong></span> <span class='ocrx_word' id='word_1_49' title='bbox 489 1505 587 1567; x_wconf 90' lang='lat' dir='ltr'><strong>coleos</strong></span> <span class='ocrx_word' id='word_1_50' title='bbox 604 1513 751 1586; x_wconf 88' lang='lat' dir='ltr'><strong>patentes,</strong></span> 
     </span>
    </p>

    <p class='ocr_par' dir='ltr' id='par_1_8' title="bbox 246 1590 870 1654">
     <span class='ocr_line' id='line_1_13' title="bbox 246 1590 870 1654; baseline 0.005 -4"><span class='ocrx_word' id='word_1_51' title='bbox 246 1609 312 1651; x_wconf 92' lang='lat' dir='ltr'><strong>cum</strong></span> <span class='ocrx_word' id='word_1_52' title='bbox 330 1609 427 1651; x_wconf 90' lang='lat' dir='ltr'><strong>cunno</strong></span> <span class='ocrx_word' id='word_1_53' title='bbox 444 1590 515 1652; x_wconf 92' lang='lat' dir='ltr'><strong>mihi</strong></span> <span class='ocrx_word' id='word_1_54' title='bbox 531 1591 658 1652; x_wconf 88' lang='lat' dir='ltr'><strong>mentula</strong></span> <span class='ocrx_word' id='word_1_55' title='bbox 673 1599 718 1652; x_wconf 94' lang='lat' dir='ltr'><strong>est</strong></span> <span class='ocrx_word' id='word_1_56' title='bbox 733 1590 870 1654; x_wconf 88' lang='lat' dir='ltr'><strong>vocanda.</strong></span> 
     </span>
    </p>
   </div>
   <div class='ocr_carea' id='block_1_6' title="bbox 562 1761 642 1821">
    <p class='ocr_par' dir='ltr' id='par_1_9' title="bbox 562 1761 642 1821">
     <span class='ocr_line' id='line_1_14' title="bbox 562 1761 642 1821; baseline 0.013 -1"><span class='ocrx_word' id='word_1_57' title='bbox 562 1761 642 1821; x_wconf 90' lang='lat' dir='ltr'><strong>XXX</strong></span> 
     </span>
    </p>
   </div>
   <div class='ocr_carea' id='block_1_7' title="bbox 241 1852 992 2199">
    <p class='ocr_par' dir='ltr' id='par_1_10' title="bbox 241 1852 992 2199">
     <span class='ocr_line' id='line_1_15' title="bbox 241 1852 930 1943; baseline 0.003 -20"><span class='ocrx_word' id='word_1_58' title='bbox 241 1852 341 1923; x_wconf 83' lang='lat' dir='ltr'><strong>‘Falce</strong></span> <span class='ocrx_word' id='word_1_59' title='bbox 357 1863 454 1924; x_wconf 87' lang='lat' dir='ltr'><strong>minax</strong></span> <span class='ocrx_word' id='word_1_60' title='bbox 469 1870 498 1922; x_wconf 93' lang='lat' dir='ltr'><strong>et</strong></span> <span class='ocrx_word' id='word_1_61' title='bbox 512 1871 595 1942; x_wconf 89' lang='lat' dir='ltr'><strong>parte</strong></span> <span class='ocrx_word' id='word_1_62' title='bbox 609 1863 652 1924; x_wconf 91' lang='lat' dir='ltr'><strong>tui</strong></span> <span class='ocrx_word' id='word_1_63' title='bbox 668 1863 791 1937; x_wconf 92' lang='lat' dir='ltr'><strong>maiore,</strong></span> <span class='ocrx_word' id='word_1_64' title='bbox 808 1863 930 1943; x_wconf 87' lang='lat' dir='ltr'><strong>Priape,</strong></span> 
     </span>
     <span class='ocr_line' id='line_1_16' title="bbox 287 1941 963 2028; baseline 0 -20"><span class='ocrx_word' id='word_1_65' title='bbox 287 1948 323 2008; x_wconf 89' lang='lat' dir='ltr'><strong>ad</strong></span> <span class='ocrx_word' id='word_1_66' title='bbox 338 1948 464 2022; x_wconf 89' lang='lat' dir='ltr'><strong>fontem,</strong></span> <span class='ocrx_word' id='word_1_67' title='bbox 479 1967 601 2026; x_wconf 89' lang='lat' dir='ltr'><strong>quaeso,</strong></span> <span class='ocrx_word' id='word_1_68' title='bbox 617 1948 663 2009; x_wconf 91' lang='lat' dir='ltr'><strong>dic</strong></span> <span class='ocrx_word' id='word_1_69' title='bbox 678 1948 749 2011; x_wconf 87' lang='lat' dir='ltr'><strong>mihi</strong></span> <span class='ocrx_word' id='word_1_70' title='bbox 765 1967 821 2028; x_wconf 91' lang='lat' dir='ltr'><strong>qua</strong></span> <span class='ocrx_word' id='word_1_71' title='bbox 837 1949 876 2011; x_wconf 92' lang='lat' dir='ltr'><strong>sit</strong></span> <span class='ocrx_word' id='word_1_72' title='bbox 890 1941 963 2011; x_wconf 74' lang='lat' dir='ltr'><strong>iter.²</strong></span> 
     </span>
     <span class='ocr_line' id='line_1_17' title="bbox 244 2032 992 2112; baseline 0.001 -19"><span class='ocrx_word' id='word_1_73' title='bbox 244 2032 313 2093; x_wconf 87' lang='lat' dir='ltr'><strong>vade</strong></span> <span class='ocrx_word' id='word_1_74' title='bbox 330 2052 381 2111; x_wconf 89' lang='lat' dir='ltr'><strong>per</strong></span> <span class='ocrx_word' id='word_1_75' title='bbox 395 2035 448 2094; x_wconf 88' lang='lat' dir='ltr'><strong>has</strong></span> <span class='ocrx_word' id='word_1_76' title='bbox 465 2033 548 2107; x_wconf 91' lang='lat' dir='ltr'><strong>vites,</strong></span> <span class='ocrx_word' id='word_1_77' title='bbox 564 2052 686 2112; x_wconf 90' lang='lat' dir='ltr'><strong>quarum</strong></span> <span class='ocrx_word' id='word_1_78' title='bbox 702 2033 727 2093; x_wconf 93' lang='lat' dir='ltr'><strong>si</strong></span> <span class='ocrx_word' id='word_1_79' title='bbox 744 2035 887 2112; x_wconf 88' lang='lat' dir='ltr'><strong>carpseris</strong></span> <span class='ocrx_word' id='word_1_80' title='bbox 904 2053 992 2109; x_wconf 83' lang='lat' dir='ltr'><strong>uvas,</strong></span> 
     </span>
     <span class='ocr_line' id='line_1_18' title="bbox 287 2118 955 2199; baseline 0.004 -22"><span class='ocrx_word' id='word_1_81' title='bbox 287 2135 339 2178; x_wconf 88' lang='lat' dir='ltr'><strong>our</strong></span> <span class='ocrx_word' id='word_1_82' title='bbox 354 2119 435 2180; x_wconf 91' lang='lat' dir='ltr'><strong>aliter</strong></span> <span class='ocrx_word' id='word_1_83' title='bbox 450 2138 564 2192; x_wconf 90' lang='lat' dir='ltr'><strong>sumas,</strong></span> <span class='ocrx_word' id='word_1_84' title='bbox 581 2119 705 2198; x_wconf 89' lang='lat' dir='ltr'><strong>hospes,</strong></span> <span class='ocrx_word' id='word_1_85' title='bbox 722 2118 840 2180; x_wconf 89' lang='lat' dir='ltr'><strong>habebis</strong></span> <span class='ocrx_word' id='word_1_86' title='bbox 856 2138 955 2199; x_wconf 90' lang='lat' dir='ltr'><strong>aquas.</strong></span> 
     </span>
    </p>
   </div>
   <div class='ocr_carea' id='block_1_8' title="bbox 552 2288 646 2349">
    <p class='ocr_par' dir='ltr' id='par_1_11' title="bbox 552 2288 646 2349">
     <span class='ocr_line' id='line_1_19' title="bbox 552 2288 646 2349; baseline 0.011 -1"><span class='ocrx_word' id='word_1_87' title='bbox 552 2288 646 2349; x_wconf 93' lang='lat' dir='ltr'>XXXI</span> 
     </span>
    </p>
   </div>
   <div class='ocr_carea' id='block_1_9' title="bbox 242 2388 881 2726">
    <p class='ocr_par' dir='ltr' id='par_1_12' title="bbox 242 2388 859 2554">
     <span class='ocr_line' id='line_1_20' title="bbox 243 2388 859 2472; baseline 0.006 -23"><span class='ocrx_word' id='word_1_88' title='bbox 243 2388 343 2450; x_wconf 88' lang='lat' dir='ltr'><strong>Donec</strong></span> <span class='ocrx_word' id='word_1_89' title='bbox 358 2396 492 2468; x_wconf 85' lang='lat' dir='ltr'><strong>proterva</strong></span> <span class='ocrx_word' id='word_1_90' title='bbox 508 2390 548 2450; x_wconf 91' lang='lat' dir='ltr'><strong>uil</strong></span> <span class='ocrx_word' id='word_1_91' title='bbox 564 2392 621 2451; x_wconf 93' lang='lat' dir='ltr'><strong>mei</strong></span> <span class='ocrx_word' id='word_1_92' title='bbox 637 2409 727 2453; x_wconf 91' lang='lat' dir='ltr'><strong>manu</strong></span> <span class='ocrx_word' id='word_1_93' title='bbox 743 2411 859 2472; x_wconf 86' lang='lat' dir='ltr'><strong>carpes,</strong></span> 
     </span>
     <span class='ocr_line' id='line_1_21' title="bbox 242 2473 735 2554; baseline 0.006 -20"><span class='ocrx_word' id='word_1_94' title='bbox 242 2473 340 2535; x_wconf 87' lang='lat' dir='ltr'><strong>licebit</strong></span> <span class='ocrx_word' id='word_1_95' title='bbox 354 2474 418 2553; x_wconf 89' lang='lat' dir='ltr'><strong>ipsa</strong></span> <span class='ocrx_word' id='word_1_96' title='bbox 434 2475 474 2535; x_wconf 91' lang='lat' dir='ltr'><strong>sis</strong></span> <span class='ocrx_word' id='word_1_97' title='bbox 489 2475 625 2554; x_wconf 90' lang='lat' dir='ltr'><strong>pudicior</strong></span> <span class='ocrx_word' id='word_1_98' title='bbox 640 2477 735 2537; x_wconf 90' lang='lat' dir='ltr'><strong>Vesta.</strong></span> 
     </span>
    </p>

    <p class='ocr_par' dir='ltr' id='par_1_13' title="bbox 243 2558 881 2726">
     <span class='ocr_line' id='line_1_22' title="bbox 243 2558 881 2634; baseline 0.006 -16"><span class='ocrx_word' id='word_1_99' title='bbox 243 2558 302 2631; x_wconf 89' lang='lat' dir='ltr'><strong>sin,</strong></span> <span class='ocrx_word' id='word_1_100' title='bbox 317 2559 389 2620; x_wconf 92' lang='lat' dir='ltr'><strong>haec</strong></span> <span class='ocrx_word' id='word_1_101' title='bbox 403 2559 499 2620; x_wconf 87' lang='lat' dir='ltr'><strong>meite</strong></span> <span class='ocrx_word' id='word_1_102' title='bbox 514 2559 622 2621; x_wconf 92' lang='lat' dir='ltr'><strong>ventris</strong></span> <span class='ocrx_word' id='word_1_103' title='bbox 638 2580 718 2621; x_wconf 89' lang='lat' dir='ltr'><strong>arma</strong></span> <span class='ocrx_word' id='word_1_104' title='bbox 732 2560 881 2634; x_wconf 89' lang='lat' dir='ltr'><strong>laxabuut,</strong></span> 
     </span>
     <span class='ocr_line' id='line_1_23' title="bbox 244 2644 759 2726; baseline 0.004 -22"><span class='ocrx_word' id='word_1_105' title='bbox 244 2644 321 2705; x_wconf 88' lang='lat' dir='ltr'><strong>exire</strong></span> <span class='ocrx_word' id='word_1_106' title='bbox 338 2653 369 2705; x_wconf 90' lang='lat' dir='ltr'><strong>ut</strong></span> <span class='ocrx_word' id='word_1_107' title='bbox 383 2645 446 2724; x_wconf 90' lang='lat' dir='ltr'><strong>ipsa</strong></span> <span class='ocrx_word' id='word_1_108' title='bbox 463 2646 498 2706; x_wconf 90' lang='lat' dir='ltr'><strong>de</strong></span> <span class='ocrx_word' id='word_1_109' title='bbox 512 2652 564 2707; x_wconf 84' lang='lat' dir='ltr'><strong>tuo</strong></span> <span class='ocrx_word' id='word_1_110' title='bbox 581 2665 669 2726; x_wconf 89' lang='lat' dir='ltr'><strong>queas</strong></span> <span class='ocrx_word' id='word_1_111' title='bbox 685 2645 759 2708; x_wconf 90' lang='lat' dir='ltr'><strong>culo.</strong></span> 
     </span>
    </p>
   </div>
   <div class='ocr_carea' id='block_1_10' title="bbox 546 2815 651 2878">
    <p class='ocr_par' dir='ltr' id='par_1_14' title="bbox 546 2815 651 2878">
     <span class='ocr_line' id='line_1_24' title="bbox 546 2815 651 2878; baseline 0.029 -3"><span class='ocrx_word' id='word_1_112' title='bbox 546 2815 651 2878; x_wconf 92' lang='lat' dir='ltr'>XXXII</span> 
     </span>
    </p>
   </div>
   <div class='ocr_carea' id='block_1_11' title="bbox 242 2916 817 3169">
    <p class='ocr_par' dir='ltr' id='par_1_15' title="bbox 242 2916 817 3169">
     <span class='ocr_line' id='line_1_25' title="bbox 244 2916 669 2998; baseline 0.007 -22"><span class='ocrx_word' id='word_1_113' title='bbox 244 2917 311 2977; x_wconf 84' lang='lat' dir='ltr'><strong>Vvis</strong></span> <span class='ocrx_word' id='word_1_114' title='bbox 328 2916 437 2977; x_wconf 88' lang='lat' dir='ltr'><strong>aridior</strong></span> <span class='ocrx_word' id='word_1_115' title='bbox 451 2917 544 2996; x_wconf 89' lang='lat' dir='ltr'><strong>puella</strong></span> <span class='ocrx_word' id='word_1_116' title='bbox 560 2918 669 2998; x_wconf 88' lang='lat' dir='ltr'><strong>passis,</strong></span> 
     </span>
     <span class='ocr_line' id='line_1_26' title="bbox 242 3001 714 3082; baseline 0.002 -20"><span class='ocrx_word' id='word_1_117' title='bbox 242 3001 320 3063; x_wconf 86' lang='lat' dir='ltr'><strong>buxo</strong></span> <span class='ocrx_word' id='word_1_118' title='bbox 337 3003 470 3081; x_wconf 85' lang='lat' dir='ltr'><strong>pallidior</strong></span> <span class='ocrx_word' id='word_1_119' title='bbox 485 3021 618 3082; x_wconf 88' lang='lat' dir='ltr'><strong>novaque</strong></span> <span class='ocrx_word' id='word_1_120' title='bbox 634 3022 714 3077; x_wconf 89' lang='lat' dir='ltr'><strong>cera,</strong></span> 
     </span>
     <span class='ocr_line' id='line_1_27' title="bbox 243 3088 817 3169; baseline 0 -21"><span class='ocrx_word' id='word_1_121' title='bbox 243 3088 360 3148; x_wconf 90' lang='lat' dir='ltr'><strong>collatas</strong></span> <span class='ocrx_word' id='word_1_122' title='bbox 377 3088 432 3148; x_wconf 87' lang='lat' dir='ltr'><strong>sibi</strong></span> <span class='ocrx_word' id='word_1_123' title='bbox 449 3108 522 3168; x_wconf 88' lang='lat' dir='ltr'><strong>quae</strong></span> <span class='ocrx_word' id='word_1_124' title='bbox 539 3090 657 3169; x_wconf 90' lang='lat' dir='ltr'><strong>suisque</strong></span> <span class='ocrx_word' id='word_1_125' title='bbox 673 3088 817 3149; x_wconf 90' lang='lat' dir='ltr'><strong>membris</strong></span> 
     </span>
    </p>
   </div>
   <div class='ocr_carea' id='block_1_12' title="bbox 156 3172 688 3247">
    <p class='ocr_par' dir='ltr' id='par_1_16' title="bbox 156 3172 688 3247">
     <span class='ocr_line' id='line_1_28' title="bbox 156 3172 688 3247; baseline 0.006 -16"><span class='ocrx_word' id='word_1_126' title='bbox 156 3202 157 3206; x_wconf 65' lang='lat'><strong>,</strong></span> <span class='ocrx_word' id='word_1_127' title='bbox 242 3172 380 3234; x_wconf 83' lang='lat' dir='ltr'><strong>formicas</strong></span> <span class='ocrx_word' id='word_1_128' title='bbox 395 3174 463 3235; x_wconf 88' lang='lat' dir='ltr'><strong>facit</strong></span> <span class='ocrx_word' id='word_1_129' title='bbox 478 3175 568 3235; x_wconf 91' lang='lat' dir='ltr'><strong>altiles</strong></span> <span class='ocrx_word' id='word_1_130' title='bbox 584 3173 688 3247; x_wconf 87' lang='lat' dir='ltr'><strong>videri,</strong></span> 
     </span>
    </p>
   </div>
   <div class='ocr_carea' id='block_1_13' title="bbox 182 3258 1055 4088">
    <p class='ocr_par' dir='ltr' id='par_1_17' title="bbox 243 3258 769 3337">
     <span class='ocr_line' id='line_1_29' title="bbox 243 3258 769 3337; baseline 0 -20"><span class='ocrx_word' id='word_1_131' title='bbox 243 3258 324 3318; x_wconf 89' lang='lat' dir='ltr'><strong>ouius</strong></span> <span class='ocrx_word' id='word_1_132' title='bbox 340 3259 449 3319; x_wconf 88' lang='lat' dir='ltr'><strong>viscera</strong></span> <span class='ocrx_word' id='word_1_133' title='bbox 465 3277 525 3319; x_wconf 90' lang='lat' dir='ltr'><strong>non</strong></span> <span class='ocrx_word' id='word_1_134' title='bbox 541 3265 639 3337; x_wconf 84' lang='lat' dir='ltr'><strong>aperta</strong></span> <span class='ocrx_word' id='word_1_135' title='bbox 655 3259 769 3319; x_wconf 84' lang='lat' dir='ltr'><strong>Tuscus</strong></span> 
     </span>
    </p>

    <p class='ocr_par' dir='ltr' id='par_1_18' title="bbox 242 3343 826 3422">
     <span class='ocr_line' id='line_1_30' title="bbox 242 3343 826 3422; baseline 0 -20"><span class='ocrx_word' id='word_1_136' title='bbox 242 3361 295 3421; x_wconf 90' lang='lat' dir='ltr'><strong>per</strong></span> <span class='ocrx_word' id='word_1_137' title='bbox 310 3344 413 3422; x_wconf 89' lang='lat' dir='ltr'><strong>pellem</strong></span> <span class='ocrx_word' id='word_1_138' title='bbox 429 3344 536 3422; x_wconf 88' lang='lat' dir='ltr'><strong>poterit</strong></span> <span class='ocrx_word' id='word_1_139' title='bbox 551 3344 646 3404; x_wconf 89' lang='lat' dir='ltr'><strong>videre</strong></span> <span class='ocrx_word' id='word_1_140' title='bbox 661 3343 826 3421; x_wconf 86' lang='lat' dir='ltr'><strong>haruspex,</strong></span> 
     </span>
    </p>

    <p class='ocr_par' dir='ltr' id='par_1_19' title="bbox 243 3428 853 3509">
     <span class='ocr_line' id='line_1_31' title="bbox 243 3428 853 3509; baseline 0.002 -22"><span class='ocrx_word' id='word_1_141' title='bbox 243 3446 316 3506; x_wconf 90' lang='lat' dir='ltr'><strong>quae</strong></span> <span class='ocrx_word' id='word_1_142' title='bbox 331 3447 402 3489; x_wconf 88' lang='lat' dir='ltr'><strong>suco</strong></span> <span class='ocrx_word' id='word_1_143' title='bbox 419 3436 603 3509; x_wconf 81' lang='lat' dir='ltr'><strong>canctusque</strong></span> <span class='ocrx_word' id='word_1_144' title='bbox 618 3428 712 3507; x_wconf 90' lang='lat' dir='ltr'><strong>putris</strong></span> <span class='ocrx_word' id='word_1_145' title='bbox 728 3447 853 3507; x_wconf 84' lang='lat' dir='ltr'><strong>pumex,</strong></span> 
     </span>
    </p>

    <p class='ocr_par' dir='ltr' id='par_1_20' title="bbox 182 3513 788 3593">
     <span class='ocr_line' id='line_1_32' title="bbox 182 3513 788 3593; baseline 0.002 -21"><span class='ocrx_word' id='word_1_146' title='bbox 182 3525 185 3530; x_wconf 83' lang='lat'>&#39;</span> <span class='ocrx_word' id='word_1_147' title='bbox 242 3529 331 3575; x_wconf 90' lang='lat' dir='ltr'><strong>nemo</strong></span> <span class='ocrx_word' id='word_1_148' title='bbox 347 3513 450 3574; x_wconf 88' lang='lat' dir='ltr'><strong>viderit</strong></span> <span class='ocrx_word' id='word_1_149' title='bbox 464 3514 539 3574; x_wconf 91' lang='lat' dir='ltr'><strong>hanc</strong></span> <span class='ocrx_word' id='word_1_150' title='bbox 554 3521 586 3574; x_wconf 86' lang='lat' dir='ltr'><strong>ut</strong></span> <span class='ocrx_word' id='word_1_151' title='bbox 600 3521 788 3593; x_wconf 91' lang='lat' dir='ltr'><strong>expuentem,</strong></span> 
     </span>
    </p>

    <p class='ocr_par' dir='ltr' id='par_1_21' title="bbox 230 3598 919 3678">
     <span class='ocr_line' id='line_1_33' title="bbox 230 3598 919 3678; baseline -0.001 -20"><span class='ocrx_word' id='word_1_152' title='bbox 230 3617 329 3677; x_wconf 89' lang='lat' dir='ltr'><strong>quam</strong></span> <span class='ocrx_word' id='word_1_153' title='bbox 346 3617 400 3676; x_wconf 91' lang='lat' dir='ltr'><strong>pro</strong></span> <span class='ocrx_word' id='word_1_154' title='bbox 419 3601 558 3677; x_wconf 86' lang='lat' dir='ltr'><strong>sanguine</strong></span> <span class='ocrx_word' id='word_1_155' title='bbox 573 3600 720 3678; x_wconf 82' lang='lat' dir='ltr'><strong>pulverem</strong></span> <span class='ocrx_word' id='word_1_156' title='bbox 738 3598 919 3676; x_wconf 89' lang='lat' dir='ltr'><strong>scobemque</strong></span> 
     </span>
    </p>

    <p class='ocr_par' dir='ltr' id='par_1_22' title="bbox 242 3683 1055 3831">
     <span class='ocr_line' id='line_1_34' title="bbox 242 3683 1055 3764; baseline 0.005 -21"><span class='ocrx_word' id='word_1_157' title='bbox 242 3683 272 3743; x_wconf 91' lang='lat' dir='ltr'><strong>iu</strong></span> <span class='ocrx_word' id='word_1_158' title='bbox 290 3684 369 3745; x_wconf 91' lang='lat' dir='ltr'><strong>venis</strong></span> <span class='ocrx_word' id='word_1_159' title='bbox 385 3684 489 3745; x_wconf 88' lang='lat' dir='ltr'><strong>medici</strong></span> <span class='ocrx_word' id='word_1_160' title='bbox 504 3691 609 3764; x_wconf 86' lang='lat' dir='ltr'><strong>putant</strong></span> <span class='ocrx_word' id='word_1_161' title='bbox 623 3684 747 3757; x_wconf 90' lang='lat' dir='ltr'><strong>habere,</strong></span> <span class='ocrx_word' id='word_1_162' title='bbox 1025 3700 1055 3749; x_wconf 89' lang='lat'><strong>10</strong></span> 
     </span>
     <span class='ocr_line' id='line_1_35' title="bbox 243 3768 790 3831; baseline 0.004 -3"><span class='ocrx_word' id='word_1_163' title='bbox 243 3768 278 3828; x_wconf 89' lang='lat' dir='ltr'><strong>ad</strong></span> <span class='ocrx_word' id='word_1_164' title='bbox 294 3787 341 3829; x_wconf 88' lang='lat' dir='ltr'><strong>me</strong></span> <span class='ocrx_word' id='word_1_165' title='bbox 355 3776 441 3829; x_wconf 86' lang='lat' dir='ltr'><strong>noete</strong></span> <span class='ocrx_word' id='word_1_166' title='bbox 457 3770 532 3830; x_wconf 88' lang='lat' dir='ltr'><strong>solet</strong></span> <span class='ocrx_word' id='word_1_167' title='bbox 547 3770 645 3831; x_wconf 89' lang='lat' dir='ltr'><strong>venire</strong></span> <span class='ocrx_word' id='word_1_168' title='bbox 661 3776 690 3829; x_wconf 91' lang='lat' dir='ltr'><strong>et</strong></span> <span class='ocrx_word' id='word_1_169' title='bbox 705 3770 790 3830; x_wconf 81' lang='lat' dir='ltr'><strong>allent</strong></span> 
     </span>
    </p>

    <p class='ocr_par' dir='ltr' id='par_1_23' title="bbox 243 3853 744 3934">
     <span class='ocr_line' id='line_1_36' title="bbox 243 3853 744 3934; baseline 0.002 -21"><span class='ocrx_word' id='word_1_170' title='bbox 243 3853 384 3932; x_wconf 91' lang='lat' dir='ltr'><strong>pallorem</strong></span> <span class='ocrx_word' id='word_1_171' title='bbox 399 3856 581 3934; x_wconf 88' lang='lat' dir='ltr'><strong>maciemque</strong></span> <span class='ocrx_word' id='word_1_172' title='bbox 596 3855 744 3916; x_wconf 87' lang='lat' dir='ltr'><strong>larualem.</strong></span> 
     </span>
    </p>

    <p class='ocr_par' dir='ltr' id='par_1_24' title="bbox 245 3940 709 4020">
     <span class='ocr_line' id='line_1_37' title="bbox 245 3940 709 4020; baseline 0.002 -20"><span class='ocrx_word' id='word_1_173' title='bbox 245 3940 351 4000; x_wconf 88' lang='lat' dir='ltr'><strong>ductor</strong></span> <span class='ocrx_word' id='word_1_174' title='bbox 365 3940 478 4001; x_wconf 90' lang='lat' dir='ltr'><strong>ferreus</strong></span> <span class='ocrx_word' id='word_1_175' title='bbox 494 3940 709 4020; x_wconf 90' lang='lat' dir='ltr'><strong>insulariusque</strong></span> 
     </span>
    </p>

    <p class='ocr_par' dir='ltr' id='par_1_25' title="bbox 244 4023 749 4088">
     <span class='ocr_line' id='line_1_38' title="bbox 244 4023 749 4088; baseline 0.006 -4"><span class='ocrx_word' id='word_1_176' title='bbox 244 4023 392 4087; x_wconf 85' lang='lat' dir='ltr'><strong>lanternae</strong></span> <span class='ocrx_word' id='word_1_177' title='bbox 406 4026 509 4087; x_wconf 82' lang='lat' dir='ltr'><strong>videor</strong></span> <span class='ocrx_word' id='word_1_178' title='bbox 523 4026 627 4088; x_wconf 84' lang='lat' dir='ltr'><strong>fricare</strong></span> <span class='ocrx_word' id='word_1_179' title='bbox 643 4043 749 4087; x_wconf 87' lang='lat' dir='ltr'><strong>cornu.</strong></span> 
     </span>
    </p>
   </div>
   <div class='ocr_carea' id='block_1_14' title="bbox 0 0 1328 4710">
    <p class='ocr_par' dir='ltr' id='par_1_26' title="bbox 0 0 1328 4710">
     <span class='ocr_line' id='line_1_39' title="bbox 0 0 1328 4710; baseline 0 0"><span class='ocrx_word' id='word_1_180' title='bbox 0 0 1328 4710; x_wconf 95' lang='lat' dir='ltr'><strong> </strong></span> 
     </span>
    </p>
   </div>
  </div>
 </body>
</html>
