2646 4710
541 353 684 406 sarthan
916 372 919 378 ·
1126 356 1165 417 15

60 508 214 588 supinatus
230 524 314 569 crura
329 525 394 569 mea
408 507 491 587 fregi.
515 508 550 569 ad
567 508 717 570 sinistram
730 507 808 568 enim
819 507 994 569 intrantibus
1006 525 1068 570 non
1078 509 1166 605 longe

58 593 94 656 ab
110 592 222 655 ostiarii
251 592 320 654 cella
335 593 415 655 canis
431 594 550 672 ingens,
567 601 667 655 ιιιιιιι
681 592 809 668 vinctus,
824 593 854 654 in
869 593 978 673 pariete
994 600 1056 655 erat
1069 593 1165 674 pictus

58 698 206 776 superque
222 679 359 758 quadrata
373 679 466 740 littera
480 672 644 760 scriptum
647 671 849 741 cavecanem'.
873 685 902 739 et
889 679 1037 760 tcollegae
1048 679 1166 759 quidem

19 813 27 822 ,
58 765 115 827 mei
130 764 270 838 riserunt,
286 783 340 844 ego
355 772 451 827 autem
467 765 590 826 collecto
608 764 679 846 spiri
681 773 712 827 tu
726 783 790 826 non
801 763 897 825 destiti
913 772 1008 826 totum
1025 765 1166 844 parietem

59 846 297 931 persequi.derat
314 858 364 913 aut
364 871 411 913 em
433 851 604 913 venalicium
625 869 692 912 cum
711 849 803 912 titulis
823 850 949 930 pictum,
971 857 1000 911 et
1018 850 1082 930 ipse
1098 849 1167 911 Tri-

57 935 183 998 malchio
206 935 354 1016 capillatus
377 936 536 999 caduceum
558 936 675 999 tenebat
693 935 879 1015 Minervaque
898 935 1022 997 ducente
1040 936 1166 997 Romam

57 1021 192 1083 intrabat.
223 1022 292 1082 hinc
317 1022 567 1102 quemadmodum
587 1021 752 1084 ratiocinari
774 1021 938 1094 didicisset,
966 1021 1091 1101 denique
1105 1021 1167 1081 dis-

57 1116 197 1187 pensator
214 1107 309 1170 lactus
325 1117 417 1184 esset,
438 1109 536 1171 omnia
552 1109 703 1187 diligenter
718 1108 853 1170 curiosus
869 1107 1045 1188 pictoreum
1061 1106 1168 1168 inscri-
1211 1122 1212 1125 ’

56 1192 158 1273 ptione
172 1193 345 1255 reddiderat.
371 1194 403 1254 in
425 1194 576 1256 deficiente
593 1214 660 1256 vero
675 1194 732 1254 iam
748 1194 865 1273 porticu
878 1194 1004 1255 levatum
1019 1200 1120 1254 mento
1135 1192 1166 1261 in

58 1278 185 1339 tribunal
206 1278 352 1340 excelsum
372 1279 534 1341 Mercurius
549 1279 688 1358 rapiebat.
718 1288 835 1358 praesto
852 1286 913 1340 erat
927 1279 1057 1341 Fortuna
1073 1296 1168 1340 cornu

57 1363 217 1425 abundanti
241 1364 362 1442 copiosa
381 1371 411 1425 et
428 1371 489 1424 tres
505 1364 614 1426 Parcae
634 1381 721 1425 aurea
743 1382 833 1444 pensa
854 1372 1034 1444 torquentes.
1069 1361 1168 1425 notavi

58 1449 145 1511 etiam
167 1449 198 1508 in
218 1449 336 1528 porticu
357 1467 473 1528 gregem
496 1467 650 1511 cursorum
673 1468 739 1511 cum
761 1450 902 1529 magistro
923 1469 956 1510 se
976 1456 1167 1510 exercentem.

57 1541 207 1614 praeterea
228 1534 338 1612 grande
358 1535 515 1597 armarium
536 1535 565 1596 iu
586 1535 691 1614 angulo
707 1535 779 1608 ridi,
798 1536 829 1596 in
845 1535 928 1596 euius
943 1534 1072 1597 aedicula
1086 1541 1170 1596 erant

57 1621 146 1681 Lares
162 1619 290 1698 argentei
305 1620 394 1698 positi
411 1620 587 1701 Venerisque
602 1621 719 1699 siguum
735 1638 934 1682 marmoreum
947 1628 976 1681 et
986 1620 1069 1701 pyxis
1082 1639 1168 1684 aurea

58 1723 119 1766 uon
134 1705 246 1786 pusilla,
263 1707 294 1766 in
310 1724 365 1786 qua
380 1705 500 1768 barbam
515 1705 610 1787 ipsius
623 1706 774 1768 conditam
791 1726 857 1768 esse
872 1706 1006 1768 dicebant

431 1803 446 1831 ιι

143 1880 323 1959 interrogare
344 1898 413 1960 ergo
430 1899 445 1940 ι
447 1881 587 1943 triensem
604 1881 701 1984 coepi,
724 1900 795 1960 quas
812 1883 841 1944 in
859 1881 955 1942 medio
970 1881 1030 1960 pict
1031 1899 1098 1943 uras
1113 1881 1169 1943 ha-

58 1966 168 2029 herent
196 1959 301 2026 ‘iliada
324 1974 352 2027 et
367 1957 525 2046 Odyssian'
548 1959 670 2047 iuquit‘
677 1986 710 2027 ac
725 1967 858 2030 Laenatis
883 1967 1084 2046 gladiatorium
1100 1984 1168 2029 mu·
1238 2019 1240 2022 a

59 2043 138 2116 nus'.
167 2070 229 2116 non
244 2050 347 2113 licebat
360 2051 526 2113 multaciam
543 2052 728 2113 considerare
1184 2055 1224 2118 30

19 2270 21 2274 a
144 2238 200 2280 nos
225 2217 283 2278 iam
304 2217 340 2277 ad
361 2217 519 2279 triclinium
541 2236 782 2296 perveneramus,
808 2218 839 2278 in
864 2218 946 2281 cuius
970 2227 1054 2301 parte
1072 2217 1169 2298 prima

58 2312 233 2384 procurator
248 2302 377 2364 rationes
393 2302 560 2382 accipiebat.
590 2311 618 2364 ιι
633 2304 712 2383 quod
728 2302 884 2383 praecipue
899 2305 1019 2367 miratus
1035 2323 1116 2381 sum,
1137 2303 1168 2365 in

58 2390 193 2471 postibus
208 2387 323 2450 triclinii
336 2389 430 2450 fasces
445 2397 529 2450 erant
540 2407 606 2449 curn
619 2389 772 2451 securibus
785 2388 843 2484 firi,
860 2407 986 2467 quorum
997 2409 1087 2452 unam
1098 2407 1168 2470 par·

57 2484 118 2537 tem
138 2475 219 2555 quasi
239 2473 389 2535 embolum
408 2474 489 2535 navis
510 2492 644 2536 aeneum
652 2473 811 2549 ιιιιιιιιιι,Ι
804 2493 833 2534 ιιι
856 2493 913 2553 quo
935 2484 995 2537 erat
1010 2476 1102 2555 script
1104 2493 1167 2536 um:

55 2555 103 2622 ‘.C
116 2559 263 2662 Pompeio
285 2558 508 2634 Trimalchioni,
530 2561 624 2621 seviro
646 2522 812 2638 Augustali,
834 2558 992 2621 Cinnamus
1014 2561 1168 2640 dispensa·

57 2636 126 2707 tor.
155 2644 210 2705 sub
226 2643 365 2704 eodemti
367 2644 427 2705 tulo
444 2644 530 2705 etiam
546 2645 664 2706 lucama
678 2645 821 2725 bilychnis
837 2644 872 2704 de
884 2664 996 2706 camera
1012 2646 1168 2725 pendebat,

59 2730 181 2792 eduae
200 2728 341 2789 tabulae
334 2748 362 2788 m
382 2736 507 2808 utroque
528 2738 612 2807 poste
584 2732 756 2801 trichiae,
780 2748 904 2808 ιιιιιιιιιιι
926 2731 965 2791 ιιι
953 2738 1027 2802 ιιιι,
1048 2731 1073 2791 si
1092 2730 1169 2791 bene

59 2815 195 2890 memini,
216 2815 275 2875 hoo
289 2812 415 2875 habeba
403 2813 618 2916 tinscriptum·
630 2807 739 2875 ‘tll.l
710 2835 725 2875 e
726 2814 846 2893 pridie
861 2815 999 2876 kalendas
1015 2777 1168 2878 lanuarias

59 2901 89 2963 C.
110 2908 213 2962 noster
232 2900 313 2960 foras
333 2890 442 2971 cenat’,
404 2899 551 2960 taltera
570 2899 655 2961 lunae
677 2919 795 2962 cursum
823 2901 1027 2980 stellarumque
1054 2909 1168 2981 septem

59 2986 200 3065 imagines
215 2985 322 3064 pictas;
343 2990 372 3044 et
386 2984 436 3064 qui
451 2985 512 3045 dies
528 2984 598 3046 boni
614 2985 721 3066 quique
736 2986 917 3048 incommodi
934 2994 1047 3060 essent,
1064 2985 1169 3049 distin-

59 3079 164 3151 guente
182 3071 258 3132 bulla
278 3069 420 3131 notabant
407 3077 465 3132 tur.

144 3157 190 3217 his
210 3155 312 3237 repleti
332 3155 528 3235 voluptatibus
548 3174 615 3216 cum
636 3175 812 3218 conaremur
827 3156 857 3217 in
877 3156 1033 3218 triclinium
1049 3157 1168 3235 intrare,

59 3239 228 3305 exclamavit
253 3261 329 3303 unus
353 3261 387 3302 ιιι
410 3240 521 3320 pueris,
548 3242 598 3320 qui
619 3261 708 3320 super
728 3244 785 3303 hoo
805 3242 935 3303 officium
956 3250 1018 3303 erat
1037 3244 1167 3323 positus:

55 3317 142 3391 dext
129 3334 176 3389 tro
197 3319 292 3408 pede.
324 3326 387 3387 sine
403 3326 491 3388 dubio
508 3326 657 3406 paulisper
671 3326 894 3405 trepidavimus,
910 3346 947 3389 ne
965 3335 1033 3389 cont
1034 3347 1066 3390 ra
1081 3347 1168 3409 prae·

60 3421 177 3494 ceptum
192 3413 297 3493 aliquis
313 3420 382 3473 nost
383 3431 450 3474 rum
465 3411 579 3472 liment
567 3412 712 3473 transiret.
748 3419 875 3472 ceterum
891 3420 923 3473 ut
943 3414 1051 3492 pariter
1071 3414 1167 3475 movi·

59 3518 127 3561 mus
144 3500 261 3560 dextros
283 3516 417 3577 gressus,
439 3516 539 3558 servus
555 3497 642 3558 nobis
658 3497 838 3576 despoliatus
855 3497 1011 3575 procubuit
1025 3500 1062 3561 ad
1077 3500 1167 3579 pedes

59 3603 93 3646 ac
112 3602 215 3663 rogare
231 3584 339 3663 coepit,
355 3590 389 3644 ιιι
404 3603 435 3644 se
450 3600 562 3661 poenae
577 3583 770 3662 eriperemus:
792 3602 847 3645 nec
862 3600 1002 3661 magnum
1018 3603 1084 3645 esse
1098 3603 1168 3664 pec·

59 3677 156 3732 catum
174 3687 270 3741 suum,
287 3668 502 3750 propterquod
518 3668 740 3748 periclitaretur,
757 3669 898 3731 subducta
914 3667 992 3729 enim
1008 3668 1063 3731 sibi
1077 3670 1167 3732 vesti·

60 3762 158 3816 menta
166 3754 380 3834 dispensatoris
392 3753 421 3815 in
433 3753 537 3814 balneo
541 3773 632 3833 ,quaa
642 3754 687 3815 vix
699 3753 827 3817 fuissent
838 3755 939 3816 decem
952 3755 1166 3819 sestertiorum.

58 3841 212 3903 retulimus
221 3858 290 3918 ergo
299 3841 367 3902 der
355 3848 417 3901 tros
426 3838 516 3916 pedes
525 3839 675 3918 dispensa
677 3858 816 3919 oramque
824 3861 854 3903 m
863 3841 936 3902 atrro
948 3859 1052 3903 aureos
1061 3861 1168 3904 nume

60 3933 174 3989 rantem
194 3926 341 4007 deprecati
360 3944 478 3999 sumus,
505 3932 539 3986 ut
558 3944 642 3986 servo
662 3926 826 3988 remitteret
813 3934 979 4028 tppeuam.
997 3928 1166 4030 superbus

59 4006 110 4076 ille
121 4012 240 4076 sustuht
255 4012 411 4074 vultumt
382 4018 411 4072 et
420 4002 494 4072 ‘non
509 4019 567 4073 tam
583 4011 690 4073 iactura
706 4030 754 4072 me
769 4003 877 4074 movet'
893 4004 1007 4092 inquit‘
1010 4029 1098 4092 quam
1113 4030 1183 4075 ne·
