2646 4710
519 373 660 426 sariuxu
1068 448 1071 457 η
1102 378 1142 442 33

117 516 197 588 ‘cum
213 527 308 588 adhuc
323 526 474 600 servirem,
490 527 691 589 habitabamus
707 528 815 589 invice
832 536 969 609 angust03
991 547 1071 593 nunc
1086 532 1143 594 Ga·

33 611 115 673 villae
127 613 233 673 deuius
250 620 301 673 est.
332 611 380 687 ibi,
396 614 547 692 quomodo
564 615 602 674 dii
618 615 731 688 volunt,
747 633 844 676 amare
856 616 937 696 coepi
949 635 1071 677 uxorem
1084 617 1143 679 Te-

33 697 120 758 rentii
136 698 274 776 coponis:
294 700 439 759 noveratis
454 700 600 760 Melissam
616 699 811 774 Tarentinam,
827 701 1056 779 pulcherrimum
1072 703 1144 764 bac-

33 783 178 844 ciballnm.
209 784 259 844 sed
276 803 329 862 ego
345 802 405 844 000
422 785 599 846 mehercules
616 786 807 864 corporaliter
822 805 883 846 eam
897 794 947 847 aut
961 795 1083 867 propter
1094 806 1142 849 res

36 868 168 930 venerias
190 870 300 942 curavi,
322 870 371 929 sed
388 871 480 948 magis
501 871 580 949 quod
600 871 674 932 bene
693 878 805 931 morata
826 872 890 932 fuit.
921 872 946 933 si
963 872 1030 951 quid
1047 873 1082 933 ab
1098 873 1143 935 illa

32 954 113 1034 petii,
127 972 276 1033 nunquam
297 955 368 1015 mibi
390 962 541 1034 negatum3
561 957 628 1017 fecit
642 976 754 1030 assem,
770 957 924 1018 semissem
940 958 1042 1032 habui,
1063 961 1144 1038 quic-

33 1041 103 1120 quid
117 1039 218 1113 dolavi,
245 1040 274 1100 in
295 1039 370 1100 illius
386 1040 483 1101 sinum
501 1042 684 1110 demandavi,
706 1060 901 1122 necunquam
916 1043 1015 1103 fefellit
1029 1062 1142 1104 ussum.

31 1125 121 1186 huius
147 1124 362 1186 contubernalis
389 1126 424 1186 ad
445 1126 539 1186 villam
562 1146 733 1206 supremum
757 1128 831 1188 diem
857 1128 937 1189 obiit.
971 1129 1068 1208 itaque
1090 1146 1144 1208 per

32 1218 150 1272 scutum
166 1228 220 1290 per
235 1229 349 1271 oeream
366 1212 534 1290 ecraginavi‚
549 1214 795 1291 quemadmodum
808 1214 842 1274 ad
854 1213 929 1275 illam
943 1215 1141 1292 pervenirem:

32 1295 63 1357 in
79 1296 220 1374 00000οἰ10
244 1303 340 1357 autem
362 1297 446 1357 amici
468 1306 617 1376 apparent.
647 1299 723 1359 forte
739 1299 875 1358 dominus
891 1299 1017 1377 Capuam
1035 1299 1143 1360 exierat
1159 1298 1198 1358 62

32 1381 67 1442 ad
90 1389 188 1442 scruta
208 1381 278 1443 scita
300 1382 486 1460 expedienda.
518 1392 620 1444 nactus
636 1402 689 1461 ego
706 1384 891 1444 occasionem
908 1385 1069 1464 persuadeo
1086 1386 1142 1445 bo-

32 1466 140 1546 spitem
156 1474 306 1541 nostrum,
322 1476 355 1527 ut
371 1486 486 1528 mecum
504 1468 539 1528 ad
556 1469 689 1547 quintum
707 1469 863 1529 miliarium
879 1470 981 1530 veniat.
1012 1479 1075 1530 erat
1090 1489 1143 1531 au-

31 1558 92 1613 tem
114 1551 197 1613 miles
217 1553 302 1613 fortis
323 1560 461 1632 tauquam
478 1553 582 1614 Oreus.
612 1554 802 1633 apoculamus
822 1553 878 1614 nos
894 1554 975 1636 'circa
991 1555 1141 1634 gallicinia,

30 1637 101 1698 luna
121 1638 236 1698 lucebat
254 1645 403 1717 tamquam
423 1639 550 1700 meridie.
580 1640 713 1700 venimus
735 1640 808 1700 intra
829 1639 1019 1700 monimenta.
1050 1641 1141 1701 bomo

30 1739 116 1783 meus
137 1724 234 1803 coepit
249 1724 283 1784 ad
301 1725 387 1785 stelas
404 1725 511 1798 facere,
533 1725 582 1785 sed
601 1744 654 1803 ego
670 1743 702 1786 eo
719 1725 923 1786 cantabundus
940 1732 968 1786 et
983 1725 1068 1786 stelas
1085 1743 1144 1786 nu-

31 1826 124 1869 mero.
144 1809 247 1870 deinde
259 1817 291 1869 ut
302 1811 416 1888 respexi
429 1811 464 1871 ad
477 1810 624 1885 comitem,
634 1810 678 1870 ille
691 1809 769 1870 exuit
780 1829 812 1870 se
824 1817 853 1870 et
865 1812 963 1872 omnia
972 1811 1142 1872 vestimenta

31 1895 196 1955 secundum
212 1895 286 1954 viam
302 1895 410 1973 posuit.
441 1896 513 1955 mibi
529 1895 625 1956 anima
641 1895 670 1954 in
686 1912 758 1955 naso
774 1913 848 1968 esse,
865 1894 976 1956 stabam
993 1903 1141 1975 tamquam

31 1986 178 2040 mortuus.
210 1987 238 2039 at
253 1980 299 2040 ille
315 1978 531 2039 circumminxit
541 1979 712 2039 vestimenta
730 1997 782 2040 sua
799 1986 827 2039 et
838 1980 935 2040 subito
948 1980 1034 2058 lupus
1045 1981 1141 2041 factus

32 2071 83 2126 est.
116 2065 208 2124 nolite
223 2083 270 2123 me
285 2063 375 2123 iocari
392 2071 504 2142 putare3
525 2070 557 2124 ut
572 2064 703 2138 mentiar,
718 2064 827 2125 nullius
842 2065 1051 2143 patrimonium
1068 2067 1141 2126 tauti

30 2149 115 2210 laeio.
145 2149 206 2221 sed,
224 2148 301 2226 quod
318 2167 471 2227 coeperam
489 2149 593 2222 dicere,
610 2156 766 2230 postquam
782 2149 871 2228 lupus
886 2150 982 2211 factus
998 2158 1056 2223 est,
1073 2152 1140 2213 ulu-

18 2234 86 2295 lare
111 2234 209 2313 coepit
230 2241 259 2294 et
278 2233 307 2293 in
328 2233 413 2294 silvas
435 2235 517 2312 fugit.
553 2252 606 2313 ego
628 2235 764 2313 primitus
787 2235 952 2304 nesciebam
968 2236 1018 2296 ubi
1033 2255 1139 2311 essem,

33 2319 138 2381 deinde
154 2319 277 2391 accessi,
297 2325 330 2379 ut
343 2320 513 2380 vestimenta
529 2320 590 2380 eius
606 2320 750 2380 tollerem:
765 2320 811 2380 illa
828 2327 923 2383 autem
939 2321 1050 2400 lapidea
1065 2323 1140 2383 facta

32 2413 110 2466 sunt.
140 2404 286 2484 quimori
304 2403 410 2465 timore
431 2405 487 2465 uisi
511 2402 587 2482 ego?
617 2405 743 2483 gladium
758 2413 855 2466 tamen
873 2407 977 2467 strinxi
992 2415 1019 2467 et
1034 2408 1063 2467 in
1078 2414 1140 2468 tota

33 2490 74 2550 via
101 2490 222 2550 umbras
249 2489 351 2563 cecidi,
374 2491 467 2551 donec
487 2491 522 2551 ad
543 2490 636 2550 villam
659 2491 766 2552 amicae
786 2510 867 2552 meae
886 2491 1077 2570 pervenirem.
1107 2499 1141 2552 ut

12 2632 14 2637 .
31 2575 107 2636 larva
122 2574 234 2647 intravi,
247 2593 338 2653 paene
355 2577 481 2636 animam
497 2574 621 2648 ebullivi,
639 2576 730 2637 sudor
745 2576 816 2636 mibi
832 2596 884 2655 per
899 2577 1042 2637 bifurcum
1060 2578 1139 2637 vola-

17 2659 93 2734 bat,
117 2660 192 2721 oculi
213 2660 335 2732 mortui,
357 2660 402 2720 vix
423 2678 552 2739 unquam
574 2661 698 2722 refectus
721 2679 797 2723 sum.
825 2660 939 2722 Melissa
960 2679 1024 2722 mea
1040 2661 1138 2722 mirari

32 2745 137 2826 coepit,
154 2746 231 2825 quod
247 2752 305 2806 tam
319 2763 385 2805 sero
399 2746 587 2817 ambularem,
604 2752 632 2805 et
643 2737 689 2806 “si
701 2737 784 2806 ante'³
800 2746 894 2823 inquit
905 2737 1064 2819 “venisses
1081 2746 1139 2806 sal-

31 2837 87 2892 tem
106 2831 195 2891 nobis
212 2831 387 2904 adiutasses3
402 2831 487 2909 lupus
500 2831 577 2890 enim
589 2830 684 2891 villam
697 2831 813 2891 intravit
826 2837 854 2891 et
866 2831 964 2892 omnia
976 2850 1083 2910 pecora

31 2918 179 2996 tamquam
201 2917 294 2978 lanius
314 2916 484 2994 sanguinem
505 2916 559 2976 illis
579 2916 668 2976 misit.
700 2934 756 2976 nec
770 2924 867 2977 tamen
884 2917 995 2989 derisit,
1012 2918 1096 2977 etiam
1114 2918 1139 2977 si

30 3001 116 3081 fugit3
132 3020 232 3062 servus
245 3001 321 3062 euim
335 3009 436 3062 noster
448 3002 545 3062 lancea
558 3002 662 3062 collum
676 3001 739 3062 eius
751 2994 890 3062 traiecit.”
910 3003 980 3063 baec
991 3009 1023 3062 ut
1036 3003 1139 3076 aiidivi,

32 3086 148 3165 operire
164 3087 264 3147 oculos
281 3086 406 3166 amplius
422 3105 481 3147 000
497 3087 590 3165 potui,
607 3088 658 3147 sed
673 3087 736 3148 luce
753 3087 826 3147 clara
839 3086 890 3147 Gai
906 3088 1000 3148 nostri
1017 3088 1137 3148 domum

30 3171 89 3251 iugi
110 3178 249 3251 tauquam
270 3191 345 3250 0000
369 3173 608 3250 0000οἰ000000
628 3181 785 3252 postquam
808 3172 871 3232 veni
890 3172 919 3232 in
935 3172 1015 3233 illum
1031 3173 1139 3246 locum,

31 3257 59 3317 iu
79 3276 138 3336 quo
159 3257 270 3335 lapidea
292 3258 464 3318 vestimenta
484 3265 565 3318 eraut
579 3258 670 3328 facta,
686 3257 757 3316 nihil
773 3257 869 3317 inveni
884 3257 939 3317 nisi
956 3259 1137 3335 sauguinem.

31 3349 61 3403 ut
74 3360 145 3402 vero
162 3343 283 3403 domum
299 3343 374 3415 veui,
390 3342 501 3402 iacebat
516 3343 598 3402 miles
614 3360 698 3403 meus
714 3340 744 3402 in
759 3340 834 3401 lecto
849 3350 986 3420 tauquam
1000 3343 1093 3415 bovis,
1111 3352 1139 3403 ot

27 3422 135 3488 ‘collum
155 3426 230 3488 illius
251 3429 384 3488 medicus
405 3425 534 3488 curabat.
566 3427 690 3487 intellexi
711 3424 790 3487 illu‘m
808 3427 987 3505 versipellem
1005 3448 1070 3488 0000
1085 3446 1139 3489 000
1219 3432 1222 3439 “

30 3519 132 3590 000000
155 3532 221 3575 cum
244 3512 292 3573 illo
311 3532 415 3591 panem
433 3519 551 3590 gustare
565 3513 662 3592 potui,
678 3531 737 3572 000
756 3513 779 3572 si
795 3531 842 3572 me
858 3512 1025 3573 occidisses.
1058 3512 1136 3572 vide-

29 3598 85 3659 rint
106 3597 153 3659 alii
175 3599 303 3677 quidde
323 3600 380 3660 hoc
399 3598 612 3677 exopiuisseut3
633 3617 686 3677 ego
709 3598 733 3658 si
749 3597 891 3672 mentior,
908 3597 1009 3676 genios
1024 3605 1138 3658 vestros

29 3683 118 3745 iratos
133 3679 275 3746 habeam?

112 3770 243 3831 attonitis
269 3770 462 3831 admiratione
487 3769 631 3829 universis
648 3760 757 3829 ‘salvo'
778 3768 872 3847 iuquit
891 3760 959 3830 ‘tuo
986 3761 1136 3830 sermone'
1155 3768 1194 3831 63

30 3854 207 3917 Trimalchio
225 3848 267 3915 ‘si
288 3875 343 3935 qua
365 3855 436 3914 fides
456 3861 514 3928 est,
535 3862 569 3914 00
588 3853 658 3913 mibi
679 3855 730 3933 pili
750 3854 974 3929 inhorruerunt,
995 3856 1061 3934 quia
1077 3856 1137 3916 seio

30 3940 202 4003 Niceronem
222 3941 294 4001 nibil
314 3959 457 4018 nugarum
473 3958 603 4000 narrare:
624 3940 715 4000 immo
732 3947 828 4000 certus
845 3946 890 3999 est
905 3946 933 4000 et
947 3942 1068 4003 miuIme
1083 3941 1139 4002 liu-

30 4045 151 4106 guosus.
181 4046 251 4089 nam
272 4036 300 4089 et
320 4027 383 4106 ipse
399 4024 480 4087 vobis
501 4044 565 4086 rem
580 4024 750 4085 horribllem
766 4025 901 4088 narrabo.
933 4027 1032 4087 asinus
1048 4025 1079 4087 in
1094 4033 1138 4087 te-

80 4125 180 4170 Petronii
194 4125 273 4170 satirae
920 4126 935 4176 3
