2646 4710
540 381 683 434 sarman

128 569 131 575 ’
202 593 270 653 3313
288 594 367 672 quod
384 593 485 672 cupio,
500 591 598 653 statim
615 599 729 664 tenere,

201 696 255 739 uec
270 677 388 740 victoria
403 679 443 740 mi
460 678 555 758 placet
569 684 668 756 parata

602 818 624 862 ³1²

143 897 194 957 sed
216 904 248 957 ut
269 899 397 976 primum
418 897 559 959 beneficio
577 897 690 958 Gitonis
711 905 882 976 praeparata
903 914 959 978 nos
981 895 1166 976 implevimus
1184 889 1223 950 16

58 999 139 1053 3333,
155 982 264 1042 ostium
280 1002 341 1044 non
358 992 402 1044 sat
390 984 426 1044 tis
442 983 541 1044 audaci
558 983 663 1062 strepit
663 1003 682 1044 u
698 983 858 1062 impulsum
875 982 1010 1043 exsonuit

143 1154 208 1195 cum
230 1137 284 1195 et
277 1136 334 1215 ipsi
356 1156 425 1214 ergo
446 1137 541 1216 pallidi
559 1155 745 1215 rogaremus,
767 1137 831 1216 quis
848 1145 936 1209 33333,
948 1129 1044 1214 ‘aperi
1048 1110 1167 1213 inquit

53 1211 128 1279 (1331
151 1210 248 1280 scies.
295 1223 422 1301 dumque
443 1223 603 1302 loquimur,
631 1241 694 1282 3333
716 1242 768 1283 sua
791 1232 898 1301 sponte
924 1183 1039 1300 delapsa
1066 1220 1168 1281 cecidit

56 1305 244 1382 reclusaeque
265 1307 361 1366 subit
382 1308 460 1368 fores
481 1308 683 1367 admiserunt
650 1314 705 1367 313
708 1316 786 1368 tratn
788 1326 843 1366 em.
873 1307 1042 1367 muliert
993 1314 1042 1366 aut
1043 1325 1089 1365 em
1105 1312 1167 1365 erat

58 1398 161 1466 operto
184 1391 290 1492 capite,
249 1392 356 1450 tilla
373 1391 481 1452 scilicet
469 1399 573 1471 quae
588 1393 674 1470 paulo
691 1401 837 1452 auteoum
854 1393 964 1451 rustico
981 1397 1114 1462 se‚tterat
1139 1398 1168 1450 et

52 1468 113 1534 ‘me
129 1467 297 1536 derisisse’'
290 1477 384 1554 inquit
407 1497 458 1538 333
475 1485 527 1556 put
515 1475 643 1538 331133131
666 1495 719 1554 ego
736 1495 800 1538 snm
818 1477 918 1537 3331113
934 1477 1026 1549 Quart
1014 1475 1098 1546 311133,
1114 1494 1166 1535 cu-

59 1560 104 1620 ius
125 1578 178 1619 vos
200 1580 281 1623 sacra
303 1569 369 1622 ante
389 1571 471 1642 33311
473 1572 547 1624 3111
535 1562 656 1623 urbas
637 1571 682 1623 13
714 1581 779 1623 3333
795 1581 858 1641 ipsa
875 1569 953 1623 vem
941 1562 1033 1621 atds
1035 1559 1167 1621 tabulam

57 1645 239 1724 petitqueut
227 1646 413 1707 tvobiscum
436 1649 516 1745 loqui
536 1648 627 1708 liceat.
663 1647 752 1708 nolite
724 1647 942 1744 tperturbari.
973 1665 1028 1707 nec
1049 1652 1168 1706 accusat

58 1749 186 1790 errorem
208 1739 271 1792 vest
272 1751 337 1793 rum
359 1752 412 1794 nec
427 1734 524 1813 punit,
541 1734 639 1793 immo
648 1741 701 1811 pot
702 1732 747 1794 ius
762 1733 834 1793 13133
837 1741 898 1804 3113,
915 1733 981 1812 quis
997 1731 1092 1792 deus
1085 1751 1167 1792 11133-

57 1834 110 1875 333
125 1823 184 1876 tam
202 1817 352 1879 urbanos
346 1836 375 1878 m
391 1839 474 1880 3113111
490 1820 701 1897 regionemt
652 1820 687 1879 de
689 1809 837 1879 tulerit.t
825 1826 922 1879 ttacen
911 1818 1054 1879 tibust
1005 1826 1054 1878 aut
1055 1836 1101 1877 em
1114 1816 1166 1876 ad·
1185 1816 1223 1876 17

57 1902 115 1961 huc
129 1901 217 1962 nobis
234 1911 263 1964 33
251 1905 311 1964 tad
328 1912 461 1966 neutram
477 1913 589 1983 partem
606 1905 746 1965 3113311333
727 1914 839 1964 tionem
855 1905 920 1965 llect
908 1913 969 1965 33311
958 1904 1095 1964 31111133
1051 1922 1080 1962 13
1083 1903 1169 1963 333313

57 1987 128 2065 ipsa,
144 2005 200 2048 una
217 1990 353 2050 comitata
368 1990 486 2067 virgine,
502 1991 667 2068 sedensque
682 2009 771 2068 super
786 1997 883 2050 torum
901 2009 999 2050 meum
1016 1988 1065 2048 diu
1080 1988 1158 2047 113313
1146 1993 1167 2047 3.

59 2091 92 2132 33
111 2089 149 2132 33
169 2080 240 2134 tuno
260 2075 376 2153 quidem
396 2094 452 2136 nos
474 2076 564 2135 ullum
584 2075 743 2135 adiecimus
763 2075 898 2147 verbum,
921 2075 970 2135 sed
987 2073 1101 2134 attoniti
1117 2092 1168 2132 ex-

59 2159 238 2235 pectavimus
252 2160 385 2220 1333111133
402 2162 437 2221 ad
453 2161 679 2221 ostentationem
696 2161 806 2221 doloris
822 2168 946 2239 paratas
977 2166 1009 2220 113
1024 2178 1092 2238 ergo
1107 2165 1168 2218 tam

59 2243 230 2305 ambitiosus
251 2246 383 2306 detonuit
398 2246 503 2318 imber
524 2254 568 2306 re
570 2254 628 2307 exr
644 2246 803 2342 superbum
820 2246 905 2325 pallio
922 2253 1039 2347 capu
1024 2244 1167 2305 33111331-

59 2327 180 2389 bust
137 2337 180 2389 133
181 2348 212 2389 33
231 2350 263 2391 33
281 2351 376 2410 usque
397 2333 432 2392 ad
454 2339 498 2392 art
486 2333 687 2392 ticulommt
660 2340 687 2392 st
689 2333 764 2412 repit
766 2351 814 2392 um
831 2340 917 2392 33333
917 2331 958 2392 313
958 2331 996 2392 313
1008 2320 1168 2425 ‘quaenam

59 2419 105 2473 est
108 2403 227 2493 inquit
215 2409 470 2490 3(11333311113313,
490 2425 539 2478 3113
527 2413 1168 2478 3111111311111113331313331333333331333331-

57 2499 106 2559 313
126 2500 290 2561 didicistis?
313 2503 457 2562 misereor
477 2503 590 2563 medius
610 2503 704 2563 11111113
716 2510 779 2563 3333
780 2503 818 2575 31,
838 2520 932 2581 neque
952 2501 1030 2562 33131
1046 2501 1168 2578 impune

58 2584 213 2662 quisquam
235 2588 316 2664 quod
328 2604 390 2646 non
404 2587 492 2657 licuit,
510 2588 650 2670 adspexit.
680 2588 781 2666 utique
796 2595 898 2648 nostra
913 2587 992 2665 regio
1008 2594 1066 2646 tam
1085 2604 1168 2664 prae-

57 2669 192 2730 sentibus
208 2671 291 2748 plena
309 2679 354 2732 est
369 2671 551 2743 numinibus,
571 2681 605 2732 ut
618 2673 730 2733 facilius
746 2674 844 2752 possis
862 2673 948 2733 deum
966 2691 1053 2750 quam
1069 2669 1169 2730 homi-

56 2773 126 2814 nem
147 2754 284 2815 invenire.
315 2775 349 2815 33
367 2774 405 2815 33
425 2776 472 2815 133
491 2757 598 2835 putetis
619 2758 741 2818 31313313
757 2777 842 2818 331133
858 2758 917 2818 1133
931 2757 1061 2830 venisse,
1078 2762 1169 2816 aetate

57 2839 151 2918 magis
180 2850 274 2901 vestra
295 2860 486 2902 commoveor
512 2860 599 2920 quam
620 2842 724 2902 iniuria
745 2861 818 2903 mea.
855 2842 1059 2921 imprudentes
1081 2841 1168 2914 enim,

57 2932 91 2986 ut
106 2926 201 2986 adbuc
215 2935 297 3005 puto,
313 2928 474 2988 admisistis
490 2928 660 3007 inexpiabile
676 2928 780 2989 scelus.
809 2929 873 3006 ipsa
889 2929 1006 3007 quidem
1022 2928 1068 2988 illa
1083 2933 1169 2987 33333

57 3020 157 3072 vexata
176 3019 234 3072 3313
252 3014 417 3091 periculoso
433 3013 567 3074 inhorrui
581 3013 705 3092 frigore,
724 3022 755 3075 nt
769 3017 908 3075 tertianae
923 3015 1010 3075 etiam
1026 3013 1170 3090 impetum

57 3096 187 3157 timeam.
219 3106 247 3159 et
262 3099 326 3158 ideo
342 3099 516 3159 medicinam
533 3117 640 3160 somno
657 3100 727 3178 petii
743 3100 881 3179 iussaque
897 3118 963 3160 sum
980 3118 1032 3159 vos
1048 3096 1169 3177 perqui-

57 3201 121 3242 rere
141 3190 228 3262 atque
248 3184 390 3262 impetum
411 3184 506 3244 morbi
522 3192 684 3245 monstrata
701 3185 858 3246 subtilitate
872 3185 972 3246 lenire.
1003 3184 1168 3245 331111333-

57 3267 156 3327 medio
178 3287 238 3329 non
254 3277 313 3329 tam
329 3269 540 3343 331113131133ο;
560 3270 654 3330 maior
669 3270 745 3329 enim
763 3270 792 3330 in
808 3270 987 3348 praecordiis
1004 3269 1089 3329 dolor
1103 3287 1168 3327 sae-

58 3353 106 3423 313,
123 3354 172 3431 qui
188 3374 234 3415 me
248 3374 343 3434 usque
359 3355 393 3415 ad
410 3356 611 3416 necessitatem
629 3355 732 3415 mortis
745 3355 869 3423 deducit,
884 3374 922 3416 ne
934 3355 1043 3416 scilicet
1054 3353 1168 3414 iuvenili

58 3439 178 3516 impulsi
199 3440 313 3501 licentia
329 3440 407 3519 quod
424 3440 453 3501 in
470 3440 573 3500 sacello
589 3441 687 3519 Priapi
702 3440 829 3514 vidistis,
852 3441 970 3519 vulgetis
988 3442 1169 3517 deorumque

59 3525 179 3584 consilia
195 3526 351 3604 proferatis
369 3526 398 3585 in
414 3526 566 3604 populum.
591 3526 736 3605 protendo
753 3527 839 3605 igitur
855 3525 889 3585 ad
903 3543 996 3603 genua
1009 3532 1105 3584 vestra
1117 3542 1167 3583 su-

56 3610 143 3688 pinas
159 3629 264 3672 manos
281 3631 317 3691 pe
319 3620 409 3689 oque
424 3617 452 3671 e
468 3630 531 3684 oro,
547 3630 585 3671 ne
600 3618 760 3672 nocturnas
776 3611 954 3690 religiones
946 3629 1046 3672 iocum
1057 3609 1168 3669 risum-

58 3714 114 3774 que
134 3694 260 3769 1331313
282 3704 384 3758 novet
373 3697 525 3758 traducere
544 3697 667 3759 331113
655 3704 700 3758 tot
722 3715 866 3758 annorum
890 3697 1028 3775 [consilia]
1047 3700 1140 3756 33333
1142 3714 1167 3768 3,

59 3800 131 3859 quae
148 3786 193 3841 3111
209 3745 286 3843 mille
301 3781 437 3843 homines
453 3774 615 3844 noverunt.

145 3867 308 3928 secundum
329 3868 405 3928 hano
420 3867 653 3947 deprecationem
668 3866 801 3928 1333111133
816 3886 919 3928 rursus
935 3866 1037 3928 31131113
1052 3863 1167 3944 gemiti·
1186 3870 1223 3932 18

58 3950 172 4032 busque
192 3953 279 4032 largis
301 3970 450 4030 concussa·
465 3961 526 4014 tota
545 3954 617 4014 13313
637 3973 671 4014 33
686 3960 804 4032 pectore
820 3961 918 4014 torum
934 3972 1033 4013 meum
1049 3951 1166 4030 pressit.

58 4055 111 4114 ego
132 4039 236 4099 eodem
256 4046 389 4118 tempore
410 4045 439 4099 et
458 4039 657 4100 misericordia
673 4038 806 4100 turbatus
823 4045 853 4099 et
867 4047 956 4112 metu,
976 4038 1086 4098 bonum
1102 4036 1166 4098 ani-

14 4437 18 4445 .

47 4482 55 4494 d

87 4526 154 4553 ata·
