2646 4710
491 384 501 398 ”
551 377 700 433 cuuurul

272 532 323 612 qui
336 538 417 594 tanto
433 533 662 611 patetindecens
676 533 770 608 biatu,

273 615 394 679 barbato
408 635 507 680 macer
521 618 668 680 eminente
682 637 770 693 naso,

209 717 240 768 15
274 709 308 764 ut
322 703 427 789 credas
434 703 584 784 Epicuron
599 695 736 766 oscitari?

587 891 653 952 XIII

272 991 442 1053 Praecidere
456 1010 545 1070 puer,
560 1011 683 1053 moneo:
699 995 811 1055 Intuere
826 994 935 1073 puella:

314 1075 465 1138 barbatum
480 1078 574 1139 furem
590 1077 673 1139 tertia
687 1096 783 1157 poena
797 1087 904 1142 manet.

587 1264 667 1327 XIIII

272 1365 337 1427 lluc
351 1366 422 1440 buc,
438 1366 570 1446 quisquis
586 1386 631 1441 es,
646 1367 677 1427 in
693 1367 737 1427 dei
753 1368 855 1430 salaeis

272 1451 378 1512 deverti
393 1470 478 1530 grave
492 1469 530 1512 ne
544 1459 616 1530 puta
631 1452 776 1515 sacellum.

272 1543 300 1596 et
315 1537 340 1597 si
355 1543 441 1598 nocte
454 1536 509 1597 fuit
524 1536 619 1614 puella
633 1543 744 1611 tecum,

271 1620 327 1682 bac
340 1640 372 1682 re
388 1621 466 1700 quod
482 1629 595 1682 metuas
612 1621 703 1694 adire,
718 1639 779 1681 non
794 1630 848 1683 est.

222 1721 237 1770 5
273 1705 349 1767 istuc
364 1706 511 1766 caelitibus
528 1705 613 1766 datur
626 1707 748 1767 severis:

269 1808 327 1852 nos
342 1809 453 1870 vappae
468 1808 571 1852 sumus
587 1797 616 1850 et
630 1791 734 1869 pusilla
750 1791 819 1852 culti

270 1876 347 1937 ruris
362 1875 497 1946 numina,
512 1893 570 1937 nos
582 1876 696 1954 pudore
710 1877 796 1954 pulso

271 1968 384 2022 stamus
400 1960 455 2021 sub
470 1960 537 2021 love
554 1961 642 2021 coleis
658 1961 775 2040 apertis.

271 2064 340 2124 ergo
357 2046 475 2124 quilibet
489 2046 547 2106 buc
560 2045 657 2106 licebit
671 2046 760 2107 intret

206 2144 237 2195 10
270 2131 354 2210 nigra
367 2131 489 2192 fornicis
505 2130 610 2192 oblitus
625 2130 726 2191 favilla.

585 2318 635 2378 XV

272 2419 439 2481 Commisso
454 2419 526 2480 mihi
541 2419 686 2480 nonsatis
702 2420 853 2482 modestas

270 2504 434 2584 quicunque
449 2505 575 2566 attulerit
590 2522 694 2566 manus
711 2505 818 2583 agello,

269 2589 295 2650 is
311 2608 358 2649 me
375 2592 481 2651 sentiet
495 2610 560 2651 esse
574 2608 635 2651 non
650 2590 821 2669 spadonem.

270 2674 346 2735 dicat
360 2675 484 2735 forsitan
499 2675 571 2736 baec
587 2675 640 2737 sibi
656 2676 735 2754 ipse:
747 2668 851 2736 ‘nemo

220 2776 234 2824 5
270 2759 317 2819 hic
330 2760 405 2820 iuter
418 2760 537 2821 frutices
552 2760 618 2821 loco
633 2767 748 2821 remoto

267 2844 433 2923 praecisum
450 2845 522 2906 sciet
536 2864 600 2906 esse
612 2836 682 2917 me',
700 2845 751 2905 sed
767 2850 857 2906 errat:
881 2851 884 2855 ’

268 2928 381 3007 magnis
397 2930 520 2991 testibus
536 2932 591 2992 ista
606 2949 655 2991 res
672 2937 780 3007 agetur.

581 3115 645 3177 XVI

270 3212 410 3286 Qualibus
426 3213 629 3294 Hippomenes
645 3214 741 3294 rapuit
755 3215 934 3278 Schoeneida
948 3217 1064 3298 pomis,

291 3349 297 3359 s
311 3297 443 3377 qualibus
455 3298 651 3378 Hesperidum
667 3300 774 3362 nobilis
790 3302 894 3362 hortus
911 3309 986 3379 erat,

266 3383 358 3462 qualia
375 3382 510 3445 credibile
525 3393 571 3446 est
584 3385 759 3463 spatiantem
775 3404 843 3447 rure
858 3393 980 3464 paterno

308 3468 480 3530 Nausicaam
496 3470 582 3548 pleno
598 3488 685 3548 saepe
699 3471 802 3532 tulisse
818 3470 898 3545 sinu,

217 3570 232 3619 5
268 3553 353 3632 quale
368 3554 422 3614 fuit
435 3554 544 3614 malum
560 3555 638 3634 quod
654 3555 747 3616 littera
761 3555 854 3633 piurit
869 3555 988 3629 Aconti,

308 3657 364 3717 qua
378 3637 450 3699 lecta
465 3637 572 3718 cupido
588 3646 670 3718 pacta
685 3639 778 3718 puella
793 3641 854 3701 viro
870 3648 927 3701 est:

266 3722 332 3783 talia
347 3740 426 3784 nunc
439 3742 552 3804 pauper
567 3723 703 3785 dominus
717 3724 853 3786 lloreutis
869 3724 950 3804 agelli

308 3807 450 3888 imposuit
464 3828 596 3883 mensae,
613 3809 691 3871 uude
706 3808 823 3889 Priape,
838 3818 912 3872 tuae.
