2646 4710
614 367 771 421 Pnnnoun

243 544 276 587 ac
290 525 360 585 viles
376 541 495 602 operae,
511 540 636 602 quorum
653 532 699 585 est
713 542 776 585 mea
791 523 889 584 Roma.
901 540 1034 585 noverca.

244 619 273 672 at
288 628 370 682 reor,
386 609 464 670 haud
479 609 614 688 impune,
628 627 683 670 nec
697 609 774 670 hanc
789 609 852 669 sine
868 609 979 671 vindice
994 609 1126 671 dextram

243 695 348 756 vinciet
362 696 491 773 ignavus
522 693 648 755 victores
664 695 702 754 ite
717 695 861 767 furentes,

243 782 283 842 ite
297 781 355 841 mei
371 780 508 851 comites,
524 788 552 839 et
568 798 684 841 causam
700 778 786 841 dicite
800 780 889 840 ferro.

132 890 139 901 ¹
161 883 209 933 100
244 884 371 944 namque
386 865 482 925 omnis
496 882 587 926 unum
604 865 716 925 crimen
730 874 825 938 vocat,
838 864 979 926 omnihus
994 882 1052 926 nna

243 951 393 1030 impendet
407 950 512 1011 clades.
541 950 688 1011 reddenda
703 956 748 1010 est
762 950 851 1028 gratia
868 950 965 1023 vobiS,

243 1054 304 1098 non
319 1036 400 1096 solus
417 1035 478 1095 vici.
505 1053 609 1114 quare,
627 1035 692 1113 quia
707 1054 802 1114 poena
816 1035 946 1114 tropaeis

244 1121 379 1183 imminet
393 1128 423 1181 et
437 1119 540 1180 sordes
556 1121 663 1181 meruit
676 1120 795 1182 victoria
810 1128 925 1194 nostra,

244 1207 339 1268 iudice
353 1207 483 1266 Fortuna
498 1206 581 1266 cadat
595 1205 665 1266 alea.
696 1205 802 1267 sumite
817 1205 924 1266 bellum

163 1307 210 1358 105
247 1299 277 1352 et
289 1299 430 1370 temptate
445 1307 560 1351 manus.
587 1299 664 1352 certe
679 1310 745 1352 mea
760 1310 846 1352 cansa
861 1298 978 1370 peracta
990 1297 1047 1352 est:

244 1378 320 1438 inter
335 1384 380 1437 tot
393 1376 485 1437 fortes
500 1383 631 1437 armatus
647 1378 745 1437 nescio
762 1367 865 1439 vinci.''

287 1463 359 1525 baec
373 1460 423 1522 ubi
438 1462 605 1540 personuit,
621 1461 655 1521 de
670 1461 748 1522 caelo
764 1461 920 1540 Delphicus
936 1461 995 1522 ales

245 1547 343 1607 omina
357 1547 432 1607 laeta
448 1546 528 1607 dedit
540 1546 711 1625 pepulitque
725 1547 869 1609 meatibus
885 1564 980 1608 auras.

131 1642 132 1647 ’
244 1650 297 1693 nec
312 1649 374 1692 non
389 1631 528 1692 horrendi
544 1631 674 1691 nemoris
691 1632 726 1693 de
741 1640 825 1710 parte
840 1631 960 1693 sinistra

163 1731 211 1782 180
246 1717 380 1776 insolitae
394 1735 481 1778 voces
497 1717 614 1776 llamma
630 1734 759 1777 sonuere
774 1717 915 1795 sequenti.

244 1803 309 1882 ipse
324 1802 403 1861 nitor
418 1800 532 1861 Phoebi
547 1802 660 1879 vulgato
676 1801 778 1863 laetior
794 1802 864 1862 orbe

245 1886 335 1948 crevit
349 1893 377 1947 et
392 1895 492 1949 aurato
508 1886 668 1966 praecinxit
681 1887 796 1966 fulgure
811 1888 916 1949 vultus.

77 1974 137 2036 123
245 1973 352 2034 fortior
369 1972 517 2034 ominibus
532 1972 625 2034 morit
639 1973 776 2046 Mavortia
794 1973 876 2051 signa

247 2059 350 2120 Caesar
365 2065 395 2118 et
408 2057 543 2119 insolitos
560 2076 664 2136 gressu
679 2058 762 2138 prior
777 2065 902 2138 occupat
916 2073 1014 2118 ausus.

164 2158 211 2208 185
247 2143 341 2222 prima
357 2142 476 2220 quidem
493 2143 598 2221 glacies
615 2150 644 2204 et
658 2162 728 2205 cana
743 2143 838 2204 vincta
853 2143 937 2204 ruina

246 2245 307 2288 non
323 2228 462 2306 pugnavit
476 2229 584 2288 humus
601 2228 722 2308 mitique
736 2229 861 2289 horrore
877 2226 992 2307 quierit.
1070 2256 1072 2262 ¹

247 2314 298 2373 sed
314 2321 471 2391 postquam
487 2320 600 2374 turmae
615 2313 733 2373 nimbos
748 2313 859 2391 fregere
872 2314 976 2392 ligatos

247 2406 276 2459 et
290 2397 413 2477 pavidus
429 2397 596 2478 quadrupes
610 2399 757 2459 undarum
772 2398 886 2459 vincula
900 2399 993 2477 rupit,

246 2483 391 2544 incaluere
405 2483 499 2543 nives.
529 2501 598 2543 mox
612 2484 732 2545 flumina
747 2484 898 2545 montibus
915 2484 979 2544 altis

164 2583 212 2634 100
246 2567 395 2629 undabant
406 2569 497 2630 modo
509 2575 586 2647 nata,
599 2570 649 2630 sed
662 2570 734 2630 haec
746 2588 862 2650 quoque
873 2568 1004 2631 -iussa
1016 2574 1184 2648 putares—

246 2654 374 2725 stabaut‚
392 2662 420 2714 et
433 2653 529 2715 vincta
543 2655 650 2716 fluctus
666 2662 805 2734 stupuere
819 2655 919 2727 ruina,
1133 2657 1136 2663 '

246 2747 276 2800 et
288 2738 377 2818 paulo
393 2746 458 2801 ante
472 2739 535 2801 lues
551 2740 609 2801 iam
625 2739 803 2816 concidenda
819 2739 936 2801 iacebat.

246 2832 310 2886 tum
326 2842 395 2885 vero
409 2825 486 2886 ¹male
500 2823 557 2886 lida
572 2825 654 2905 prius
669 2825 787 2904 vestigia
802 2825 871 2887 lusit
954 2849 959 2859 ·

247 2909 417 2988 decepitque
431 2909 536 2988 pedes3
550 2911 659 2989 pariter
673 2919 842 2988 turmaeque
856 2909 967 2989 virique

166 3010 212 3061 195
249 3011 386 3072 armaque
401 3001 538 3071 congesta
554 3004 635 3056 strue
650 2994 799 3074 deplorata
813 2994 954 3055 iacebant.

248 3097 314 3139 ecce
329 3079 416 3139 etiam
431 3078 527 3156 rigido
543 3097 704 3141 concussae
718 3077 835 3140 flamine
850 3078 944 3140 nubes

248 3162 492 3236 exonerahantur,
509 3180 563 3225 nec
578 3171 665 3244 rupto
681 3163 796 3225 turbine
810 3164 889 3226 venti

249 3251 351 3310 derant
366 3255 416 3310 aut
428 3248 540 3310 tumida
556 3250 737 3312 confractum
754 3249 894 3328 grandine
909 3249 1029 3311 caelum.

248 3333 330 3413 ipsae
345 3334 403 3395 iarn
419 3335 512 3397 nubes
527 3343 630 3415 ruptae
647 3354 737 3416 super
751 3354 833 3397 arma
848 3335 1002 3407 cadebant,

166 3434 216 3484 200
251 3426 279 3480 et
294 3426 431 3483 concreta
447 3419 512 3499 gelu
527 3421 611 3501 ponti
626 3421 704 3482 velut
719 3420 795 3483 unda
810 3421 920 3483 ruebat.

250 3505 326 3566 victa
341 3512 403 3566 erat
417 3505 527 3584 ingenti
541 3506 625 3567 tellus
640 3505 706 3567 nive
721 3507 853 3586 victaque
868 3506 938 3569 caeli

250 3591 358 3664 sidera,
371 3591 446 3652 victa
461 3589 523 3651 suis
538 3590 686 3652 haerentia
700 3592 821 3652 flumina
835 3591 924 3671 ripis3

249 3676 381 3737 nondum
398 3674 502 3737 Caesar
517 3683 592 3747 erat,
610 3676 661 3737 sed
678 3694 812 3754 magnam
822 3675 914 3739 ¹ninus
930 3676 960 3737 in
974 3675 1089 3735 hastam

248 3759 369 3822 horrida
384 3759 495 3821 securis
505 3761 658 3840 frangebat
672 3760 822 3840 gressibus
837 3780 916 3836 arva,

165 3859 214 3910 205
251 3844 342 3924 qualis
358 3843 499 3907 Caucasea
515 3846 673 3909 decurrens
688 3846 798 3908 arduus
813 3865 879 3908 arce

249 3929 537 4010 Amphitryoniades,
553 3939 603 3995 ant
616 3939 700 3993 torvo
715 3930 848 4013 luppiter
863 3951 929 4001 ore,

250 4033 316 4078 cum
333 4033 365 4078 se
378 4016 533 4080 verticibus
549 4016 647 4097 magni
662 4016 780 4080 demisit
794 4017 909 4096 Olympi
