2646 4710
169 361 209 424 66
640 356 796 411 rnrnoxu
841 321 844 325 ¹

168 513 293 576 eundem
308 531 375 575 esse
389 514 497 575 exitum
515 511 585 589 [sed]
603 519 632 571 et
645 510 724 572 idem
740 511 935 583 domicilium,
950 519 979 571 et
994 518 1086 574 cetera
1102 512 1211 592 quibus
1225 531 1273 575 ex-

167 599 309 663 ulceratae
328 607 442 660 mentes
463 597 499 660 ad
519 597 673 658 sanitatem
688 604 871 657 revocantur.
901 603 931 656 at
949 595 996 658 illa
1015 596 1114 676 ignota
1139 598 1274 660 consola·

167 684 248 747 tione
263 703 402 763 percussa
416 683 551 746 laceravit
565 681 764 743 vehementius
780 692 884 762 pectus
895 689 1059 761 ruptosque
1075 683 1170 744 crines
1187 702 1274 763 super

168 788 278 848 cerpus
293 769 412 832 iacentis
428 768 579 849 imposuit.
607 785 668 830 non
682 767 805 829 recessit
818 775 915 828 tamen
930 767 1024 841 miles,
1040 768 1092 829 sed
1107 769 1209 831 eadem
1224 788 1273 830 ex-

168 854 510 934 hortatione'temptavit
535 853 605 914 dare
628 853 815 914 mulierculae
837 853 949 926 cibum,
973 854 1068 914 donec
1087 853 1191 915 ancilla
1219 854 1274 915 vini

169 948 247 1002 certe
265 941 301 1002 ab
321 959 355 1001 eo
376 941 468 1001 odore
487 946 624 1017 corrupta
643 938 771 1017 primum
786 938 849 1018 ipsa
866 938 997 1016 porrexit
1011 940 1046 999 ad
1063 939 1274 1000 humanitatem

168 1025 314 1087 invitantis
331 1025 433 1086 victam
451 1042 583 1098 manum,
606 1024 710 1084 deinde
725 1024 832 1085 refecta
847 1023 968 1125 potiope
983 1032 1012 1084 et
1027 1023 1091 1084 cibo
1107 1042 1274 1121 expugnare

169 1109 305 1172 dominae
319 1109 509 1188 pertinaciam
531 1110 629 1189 coepit
643 1117 671 1169 et
681 1099 772 1188 ‘quid
787 1099 941 1188 proderit''
955 1109 1049 1188 inquit
1036 1097 1144 1170 hoc
1158 1109 1228 1182 txbv
1250 1110 1275 1171 si

168 1195 263 1258 soluta
282 1196 377 1257 inedia
396 1194 504 1265 fueris,
527 1194 600 1256 site
619 1195 715 1254 vivam
731 1194 893 1272 sepelieris,
914 1193 940 1254 si
954 1202 1020 1255 ante
1036 1211 1122 1273 quam
1143 1195 1202 1256 fata
1218 1214 1273 1275 po-

167 1287 259 1354 scant,
275 1280 475 1342 indemnatum
492 1279 564 1359 spiri
565 1287 628 1340 tum
643 1276 802 1340 effuderis?

346 1366 375 1427 id
390 1365 519 1427 cinerem
535 1373 584 1427 aut
599 1383 700 1425 manes
716 1364 809 1425 credis
825 1382 926 1426 curare
941 1362 1095 1443 sepultos?

168 1450 211 1512 vis
231 1458 263 1512 tu
281 1448 480 1512 revivescere?
502 1451 544 1511 vis
569 1451 619 1527 [tu]
642 1450 776 1511 discusso
791 1449 924 1511 muliebri
940 1468 1055 1523 errore,
1070 1469 1158 1528 quam
1175 1451 1274 1512 diuli-

169 1536 272 1610 cuerit‚
292 1535 365 1597 lucis
386 1535 551 1596 commod-is
570 1533 684 1595 frui‘f
678 1554 776 1614 ipsum
796 1542 825 1596 e
844 1535 964 1596 iacentis
981 1553 1089 1614 corpus
1105 1555 1275 1601 ammonere

168 1621 261 1695 dehet,
276 1629 309 1682 ut
324 1612 429 1682 vivas?²
458 1639 545 1681 nemo
559 1619 666 1681 invitus
678 1621 767 1693 audit,
784 1639 850 1682 cum
863 1621 976 1698 cogitur
987 1629 1036 1683 aut
1047 1621 1143 1683 cibum
1157 1640 1275 1684 sumere

167 1714 218 1766 aut
232 1705 336 1766 vivere.
367 1706 462 1784 itaque
477 1704 580 1766 mulier
594 1705 719 1801 aliquot
718 1705 832 1766 dierum
849 1706 1059 1767 abstinentia
1036 1725 1111 1767 sicca
1128 1725 1215 1784 passa
1231 1714 1275 1768 est

167 1790 261 1868 frangi
281 1789 469 1870 pertinaciam
485 1809 584 1862 suam,
605 1808 661 1850 nec
680 1791 778 1851 minus
800 1790 881 1852 avide
900 1791 1020 1870 replevit
1039 1810 1071 1852 se
1097 1791 1162 1853 cibo
1187 1811 1273 1872 quam

102 1876 279 1949 llfancilla,
298 1894 373 1954 quae
392 1876 474 1955 prior
489 1875 561 1937 victa
575 1883 629 1936 est.
653 1883 781 1938 ceterum
795 1875 885 1949 scitis,
901 1877 968 1955 quid
992 1877 1165 1956 plerumque
1183 1878 1276 1940 soleat

168 1968 310 2040 temptare
321 1962 478 2023 humanam
491 1960 661 2023 satietatem.
684 1961 791 2040 quibus
802 1961 949 2023 blanditiis
962 1961 1167 2040 impetraverat
1181 1962 1275 2035 miles,

168 2054 200 2108 ut
211 2054 345 2109 matrona
360 2046 442 2108 vellet
456 2046 558 2118 vivere,
573 2045 667 2107 isdem
683 2047 768 2108 etiam
785 2047 953 2126 pudicitiam
970 2047 1033 2109 eius
1049 2047 1205 2127 adgressus
1216 2054 1271 2109 est.

167 2149 222 2193 nec
248 2131 388 2193 deformis
414 2138 465 2192 aut
489 2131 693 2192 infacundus
686 2132 797 2193 ruvenis
813 2139 908 2194 castae
922 2133 1081 2205 videbatur,
1103 2133 1275 2199 conciliante

168 2216 291 2296 gratiam
306 2216 406 2278 ancilla
421 2235 455 2277 ac
469 2215 595 2277 subinde
609 2216 736 2278 dicente:

550 2291 721 2379 “placitone
736 2301 823 2363 etiam
838 2302 982 2380 pugnabis
998 2293 1137 2364 amori‘f‘'

314 2387 378 2463 [nec
393 2385 515 2447 venitin
530 2394 668 2460 mentem,
685 2405 811 2466 quorum
828 2387 998 2449 consederis
1013 2385 1190 2484 arvis‘f]

168 2469 238 2549 quid
254 2470 363 2531 diutius
378 2467 502 2532 moror?
517 2489 555 2531 ne
570 2472 646 2533 hanc
660 2471 776 2551 quidem
793 2480 904 2551 partem
921 2472 1055 2552 corporis
1066 2472 1171 2534 mulier
1181 2472 1277 2535 absti-

168 2554 245 2626 nuit,
266 2555 416 2634 victorque
436 2556 518 2617 miles
539 2563 695 2637 utrumque
710 2557 865 2636 persuasit.
891 2558 1043 2620 iacuerunt
1056 2577 1126 2637 ergo
1140 2576 1200 2620 una
1214 2575 1276 2619 non

168 2648 282 2702 tantum
297 2640 343 2702 illa
358 2649 454 2714 nocte,
471 2660 527 2721 qua
542 2642 660 2722 nuptias
675 2643 820 2716 fecerunt,
836 2643 886 2703 sed
902 2651 1023 2721 postero
1039 2643 1126 2705 etiam
1141 2662 1175 2703 ac
1188 2643 1276 2704 tertio

168 2726 222 2799 die,
239 2726 397 2805 praeclusis
412 2726 545 2788 videlieet
556 2728 711 2789 conditorii
722 2727 846 2801 foribus,
861 2735 895 2790 ut
905 2729 1038 2808 quisquis
1051 2749 1086 2790 ex
1097 2728 1176 2789 notis
1189 2728 1276 2807 igno-

167 2811 262 2890 tisque
277 2812 312 2872 ad
327 2812 544 2875 monimentum
559 2813 695 2886 venisset,
712 2821 827 2891 putaret
842 2814 990 2892 expirasse
1001 2833 1090 2893 super
1103 2831 1212 2892 corpus
1224 2813 1276 2875 viri

168 2895 389 2974 pudicissimam
411 2914 543 2957 uxorem.
575 2905 704 2959 ceterum
719 2898 876 2959 delectatus
892 2899 975 2958 miles
991 2906 1020 2958 et
1033 2898 1130 2958 forma
1146 2899 1276 2960 mulieris

168 2988 198 3041 et
212 2987 335 3051 secreto,
356 2980 493 3058 quicquid
510 2980 579 3041 boni
595 3001 648 3059 per
661 2982 812 3043 facultates
828 2989 956 3060 poterat,
973 2981 1123 3042 coemebat
1137 2991 1167 3043 et
1181 2983 1275 3062 prima

167 3064 266 3127 statim
288 3073 374 3126 nocte
394 3064 424 3125 in
445 3073 669 3128 monumentum
689 3067 809 3126 ferebat.
839 3066 935 3145 itaque
955 3065 1042 3127 unius
1063 3066 1195 3129 cruciarii
1218 3088 1275 3147 ‚pa-

167 3157 264 3211 rentes
284 3157 319 3211 ut
337 3150 472 3211 viderunt
490 3151 612 3212 laxatam
634 3151 812 3223 custodiam,
834 3151 982 3212 detraxere
997 3158 1083 3213 nocte
1100 3153 1276 3231 pendentem

167 3253 365 3315 supremoque
381 3235 591 3298 mandaverunt
605 3236 712 3297 officio.
741 3244 770 3297 at
785 3236 868 3296 miles
884 3237 1122 3315 circumscriptus
1135 3237 1206 3298 dum
1223 3239 1276 3299 de-

167 3321 252 3392 sidet,
268 3329 301 3382 ut
315 3328 435 3399 postero
451 3321 497 3381 die
511 3321 583 3382 vidit
598 3339 687 3382 unam
703 3321 765 3381 sine
781 3322 919 3382 cadavere
935 3340 1063 3396 crucem,
1079 3323 1188 3384 veritus
1201 3342 1276 3402 sup·

166 3405 283 3484 plieium
301 3405 422 3481 mulieri,
437 3407 508 3486 quid
523 3407 686 3477 accidisset,
702 3408 832 3485 exponit:
849 3425 903 3467 nec
918 3426 949 3467 se
965 3415 1181 3487 expectaturum
1198 3408 1276 3469 iudi·

167 3492 209 3551 cis
225 3491 408 3587 sententiam,
424 3491 474 3552 sed
492 3491 608 3570 gladio
601 3510 646 3552 vus
662 3491 830 3552 dicturum
822 3491 951 3570 ignaviae
964 3511 1042 3554 suae.
1073 3494 1277 3556 commodaret

167 3593 236 3654 ergo
255 3576 302 3637 illa
318 3577 393 3656 perit
394 3596 446 3637 uro
462 3577 559 3637 locum
580 3583 608 3636 et
622 3576 707 3636 fatale
722 3577 966 3638 conditorium.
984 3577 1138 3638 familiari
1159 3598 1193 3638 ac
1213 3579 1275 3640 viro

165 3660 281 3723 faceret.
307 3660 415 3722 mulier
436 3678 496 3721 non
512 3678 611 3722 munus
627 3680 796 3722 misericors
813 3679 899 3740 quam
915 3654 1052 3741 pudica
1059 3682 1095 3724 ne
1110 3655 1210 3724 1sud
1227 3664 1274 3724 in-

89 3737 96 3747 f
167 3746 230 3824 quit
217 3736 306 3806 der
321 3745 427 3820 sinant
443 3753 477 3805 ut
491 3745 593 3806 eodem
609 3755 744 3825 tempore
760 3748 886 3807 duorum
902 3748 973 3808 nubi
985 3766 1204 3810 carissimorum
1216 3751 1276 3810 ho

166 3830 279 3890 minum
299 3829 357 3891 duo
379 3830 484 3891 funera
505 3839 643 3910 spectem
673 3832 750 3893 malo
773 3841 921 3893 mortuum
942 3833 1112 3912 impendere
1127 3853 1215 3911 quam
1231 3836 1275 3896 vi·

165 3933 232 3977 vum
253 3906 416 4012 occidere?³
450 3918 613 3978 secundum
635 3918 711 3977 hanc
731 3925 795 3978 orat
796 3916 892 3979 ionem
914 3917 994 3980 iubet
1013 3938 1048 3980 ex
1074 3937 1139 3980 arca
1165 3937 1275 3998 corpus

166 4000 260 4066 mariti
252 3999 325 4061 isui
345 4001 406 4062 tolli
428 4009 516 4081 atque
530 4001 577 4075 tlt,
593 4020 666 4082 quae
681 4002 808 4079 vacabat,
824 4003 903 4064 cruci
919 4004 1013 4082 adfigi
1045 4022 1117 4065 usus
1132 4010 1177 4065 est
1191 4006 1275 4066 miles
