2646 4710
570 265 711 319 SATIRAE
1153 270 1192 331 69

624 433 646 472 dl·

77 558 82 567 .
171 509 230 570 boc
249 525 337 587 opere
351 509 470 570 tandem
487 507 632 568 elaborato
649 525 746 568 casam
762 506 948 586 piscatoriam
965 507 1098 569 subimus
1113 529 1194 571 mae-

81 601 198 667 rentes,
225 593 354 673 cibisque
373 593 526 671 naufragio
549 593 694 671 corruptis
716 600 863 671 utcunque
884 593 974 654 curati
995 593 1194 656 tristissimam

83 680 236 760 exegimus
251 687 376 739 noctem.
407 687 525 758 postero
543 678 597 749 die,
614 695 875 756 componeremus
891 678 1060 752 consilium,
1075 679 1121 741 cui
1137 698 1193 740 nos

82 764 199 845 regioni
215 765 414 836 crederemus,
434 771 554 843 repente
574 763 656 824 video
677 782 785 842 corpus
806 762 968 833 humanum
986 764 1192 826 circumactum

82 850 140 913 levi
159 849 269 911 rortice
290 849 325 910 ad
345 849 412 910 litus
433 849 549 909 deferri.
580 848 696 909 substiti
713 866 782 926 ergo
798 849 891 908 tristis
909 850 1049 928 coepique
1064 850 1195 911 umenti-

83 937 141 998 bus
156 934 250 996 cculis
265 934 355 995 maris
370 935 459 994 fidem
472 934 617 1013 inspicere
628 942 657 993 et
667 924 763 994 ‘hunc
773 925 905 994 forsitan'
920 934 1071 1013 proclamo
1085 927 1130 996 ‘in
1142 935 1194 996 ali·

85 1040 143 1101 qua
158 1026 241 1100 parta
255 1026 397 1081 terrarum
411 1037 512 1080 secura
525 1027 658 1099 expectat
668 1037 752 1091 uxor,
766 1019 890 1080 forsitan
903 1019 1021 1098 ignarus
1033 1028 1194 1100 tempesta-

75 1106 124 1168 tis
138 1106 224 1177 tilius,
240 1112 290 1166 aut
303 1105 425 1166 fratrem
440 1104 540 1182 utique
555 1104 672 1183 reliquit
686 1105 819 1184 aliquem,
835 1105 881 1165 cui
897 1105 1087 1184 proficiscens
1104 1124 1194 1167 uscu-

82 1191 147 1253 lum
163 1189 250 1251 dedit.
282 1190 353 1250 haec
368 1197 437 1251 sunt
451 1189 572 1250 consilia
589 1189 770 1261 mortalium,
786 1190 856 1250 baec
870 1197 936 1250 vcta
952 1208 1123 1268 magnarum
1140 1209 1193 1251 co-

82 1275 269 1356 gitationum.
301 1292 337 1335 en
351 1276 442 1334 homo
459 1274 706 1354 quemadmodum
722 1267 820 1335 natat'
849 1275 944 1335 adhuc
958 1283 1095 1355 tanquam
1108 1275 1193 1354 ignu-

82 1369 149 1423 tum
165 1359 314 1432 dedebam,
331 1379 397 1421 cum
414 1359 581 1421 inviolatum
597 1379 631 1420 os
647 1360 753 1421 lluctus
770 1360 913 1420 convertit
926 1359 957 1419 in
969 1367 1086 1432 terram,
1101 1379 1193 1439 agno-

84 1447 171 1526 vique
190 1445 348 1506 terribilem
370 1446 457 1524 paulo
478 1453 545 1505 ante
565 1453 594 1505 et
613 1445 823 1525 implacabilem
840 1445 958 1505 Licham
980 1444 1103 1524 pedibus
1118 1446 1193 1507 meis

82 1549 178 1613 paene
196 1529 368 1592 subiectum.
399 1548 460 1590 non
475 1530 555 1590 tenui
571 1529 658 1608 igitur
673 1531 782 1591 diutius
797 1530 940 1604 lacrimas,
956 1530 1046 1590 immo
1060 1531 1194 1636 percussi

78 1615 180 1679 semel
194 1616 359 1694 iterumque
374 1615 509 1676 manibus
525 1623 627 1694 pectus
643 1624 672 1675 et
682 1608 748 1676 ‘ubi
763 1633 843 1676 nunc
857 1608 914 1676 est’
929 1616 1048 1695 inquam
1076 1616 1193 1678 iracun-

84 1701 133 1764 dia
147 1708 218 1775 tna,
240 1701 291 1763 ubi
312 1701 483 1780 impotentia
499 1697 570 1761 tua?
599 1719 706 1780 nempe
721 1701 850 1780 piscibus
871 1701 1022 1781 beluisque
1042 1703 1193 1781 expositus

84 1806 128 1860 cs,
146 1795 175 1848 et
189 1787 239 1865 qui
253 1786 339 1867 paulo
356 1794 422 1847 ante
437 1786 562 1847 iactabas
578 1787 653 1846 vires
669 1786 782 1865 imperii
798 1785 855 1859 tui,
877 1787 985 1847 datam
1001 1804 1106 1864 magna
1122 1804 1194 1848 nave

84 1891 123 1935 no
137 1872 264 1933 tabulam
281 1871 398 1950 quidem
414 1871 572 1949 naufragus
587 1871 687 1932 habes.
717 1872 756 1931 ite
770 1888 849 1931 nnnc
863 1872 1017 1944 mortales,
1037 1880 1065 1933 et
1080 1872 1193 1951 magnis

85 1956 312 2036 cogitationibus
333 1964 452 2036 pectora
473 1956 601 2036 implete,
631 1956 670 2017 ite
685 1957 773 2029 cauti,
794 1964 822 2017 et
838 1975 909 2035 opes
925 1956 1077 2018 fraudibus
1094 1965 1193 2037 captas

85 2061 141 2124 per
159 2042 238 2103 mille
256 2061 350 2103 annos
368 2041 525 2121 disponite.
552 2059 660 2120 nempe
674 2040 723 2102 bic
738 2041 871 2121 proxima
886 2041 949 2102 luce
964 2042 1133 2121 patrimonii
1148 2042 1196 2103 sui

83 2127 215 2190 rationes
230 2127 366 2206 inspexit,
382 2145 488 2207 nempe
504 2127 578 2187 diem
595 2127 690 2201 etiam,
705 2145 763 2206 quo
778 2135 918 2188 venturus
931 2136 1009 2188 esset
1020 2128 1050 2188 in
1062 2128 1194 2207 patriam,

85 2212 185 2275 animo
200 2231 256 2274 suo
272 2213 363 2273 finxit.
394 2213 433 2274 dii
451 2214 585 2293 deaeque,
600 2231 688 2291 quam
702 2213 787 2292 longe
803 2231 818 2272 a
834 2212 1029 2274 destinatione
1044 2231 1096 2274 sua
1111 2213 1193 2274 iacet.

85 2299 136 2360 sed
148 2316 211 2360 non
221 2297 285 2359 sola
296 2298 469 2359 mortalibus
481 2298 572 2359 maria
583 2297 661 2359 hanc
671 2298 758 2358 tidem
771 2304 927 2377 praestant.
949 2298 1027 2359 illum
1040 2297 1192 2359 bellantem

85 2401 167 2445 arma
183 2382 344 2463 decipiunt,
366 2384 447 2444 illum
469 2384 525 2445 diis
540 2391 606 2444 vota
621 2383 788 2444 reddentem
805 2383 953 2462 penatium
969 2401 1092 2444 suorum
1108 2384 1193 2445 ruina

85 2467 272 2549 sepelit,.ille
291 2468 420 2529 vehiculo
441 2468 541 2549 lapsus
561 2476 767 2548 properantem
789 2468 922 2547 spiritum
941 2467 1080 2530 excussit
1110 2467 1192 2530 cibus

85 2553 202 2616 avidum
225 2553 425 2631 strangulavit,
446 2553 640 2614 abstinentem
661 2553 819 2632 frugalitas.
851 2553 876 2614 si
891 2553 964 2614 bene
980 2553 1120 2614 calculum
1135 2572 1192 2634 po·

85 2656 154 2713 nas,
173 2636 281 2718 ubique
301 2639 482 2717 naufragium
499 2646 553 2699 est.
584 2647 613 2700 at
628 2640 705 2699 enirn
720 2638 858 2699 fluctibus
874 2637 981 2699 obruto
997 2655 1059 2699 non
1075 2640 1192 2700 contin-

85 2724 128 2804 git
146 2725 305 2803 sepultura.
336 2731 474 2803 tanquam
490 2724 617 2797 intersit,
639 2724 800 2803 periturum
817 2741 925 2803 corpus
941 2743 1015 2803 quae
1029 2724 1103 2786 ratio
1119 2742 1192 2786 con·

86 2816 199 2883 sumat,
224 2809 299 2888 ignis
327 2827 364 2870 an
389 2811 494 2871 ductus
517 2827 553 2869 an
574 2828 667 2870 mora.
702 2808 840 2888 quicquid
860 2809 977 2883 feceris,
1006 2809 1103 2871 omnia
1123 2810 1194 2874 baec

86 2893 189 2956 eodem
215 2901 335 2956 ventura
361 2904 439 2955 sunt
473 2896 551 2957 ferae
576 2901 674 2955 tamen
701 2913 809 2974 corpus
836 2895 1013 2957 lacerabunt.
1054 2903 1193 2976 tanquam

85 2980 189 3042 melius
208 2979 283 3058 ignis
306 2980 441 3059 accipiat,
462 2981 554 3041 immo
575 2981 651 3041 hanc
672 2999 796 3059 poenam
818 2980 1019 3059 gravissimam
1036 2981 1193 3056 credimus,

86 3064 138 3126 ubi
159 3064 251 3127 servis
271 3065 435 3126 irascimur.
455 3085 544 3144 quae
569 3083 638 3142 ergo
661 3065 804 3127 dementia
825 3072 883 3138 est,
909 3065 1009 3126 omnia
1027 3065 1135 3141 facere,
1156 3085 1193 3128 ne

86 3149 156 3229 quid
173 3150 209 3210 de
223 3150 310 3211 nobis
325 3150 471 3230 relinquat
486 3140 672 3230 sepulturai’

176 3264 179 3269 ν
625 3246 646 3284 ii

171 3325 200 3380 et
218 3319 336 3380 Licham
358 3320 475 3399 quidem
496 3337 586 3397 rogus
606 3319 731 3381 inimicis
751 3317 872 3380 collatus
893 3319 1029 3381 manibus
1049 3319 1191 3383 adolebat.

85 3405 250 3484 Eumolpus
270 3412 367 3467 autern
388 3405 457 3466 dum
479 3405 659 3485 epigramma
679 3412 797 3467 mortuo
818 3403 900 3478 facit,
923 3406 1025 3466 oculos
1043 3405 1079 3465 ad
1095 3425 1191 3468 arces-

86 3489 197 3552 sendos
211 3508 318 3552 sensus
334 3490 450 3569 longius
464 3491 555 3552 mittit

625 3584 646 3624 a

172 3660 231 3721 boc
249 3667 367 3739 peracto
389 3660 511 3722 libenter
530 3660 627 3721 officio
649 3659 826 3722 destinatum
842 3660 990 3740 carpimus
1003 3661 1057 3722 iter
1076 3678 1110 3722 ac
1125 3678 1191 3721 mo·
1203 3662 1263 3724 116

85 3753 186 3807 mento
209 3745 354 3825 temporis
374 3745 404 3806 in
423 3752 552 3806 montem
573 3747 713 3807 sudantes
728 3746 970 3818 conscendimus,
990 3765 1023 3807 ex
1040 3764 1099 3825 quo
1114 3744 1191 3807 haud

85 3830 189 3910 procul
204 3830 376 3911 impositum
394 3831 452 3892 arci
468 3831 585 3892 sublimi
601 3831 745 3912 oppidum
761 3832 917 3892 cernimus.
947 3849 1002 3892 nec
1014 3831 1093 3910 quod
1106 3838 1193 3904 esset,

86 3916 250 3978 sciebamus
271 3922 416 3992 errantes,
437 3917 531 3978 donec
545 3935 561 3978 a
576 3917 669 3979 vilbco
685 3917 812 3996 quodam
829 3916 955 3978 Crotona
971 3933 1036 3976 esse
1052 3915 1194 3994 cognori-
