<?xml version="1.0" encoding="UTF-8"?>
<!DOCTYPE html PUBLIC "-//W3C//DTD XHTML 1.0 Transitional//EN"
    "http://www.w3.org/TR/xhtml1/DTD/xhtml1-transitional.dtd">
<html xmlns="http://www.w3.org/1999/xhtml" xml:lang="en" lang="en">
 <head>
  <title>
</title>
<meta http-equiv="Content-Type" content="text/html;charset=utf-8" />
  <meta name='ocr-system' content='tesseract 3.04.00' />
  <meta name='ocr-capabilities' content='ocr_page ocr_carea ocr_par ocr_line ocrx_word'/>
</head>
<body>
  <div class='ocr_page' id='page_1' title='image "./petroniiarbitri00arbigoog_0090.png"; bbox 0 0 2646 4710; ppageno 0'>
   <div class='ocr_carea' id='block_1_1' title="bbox 546 383 1167 448">
    <p class='ocr_par' dir='ltr' id='par_1_1' title="bbox 546 383 1167 448">
     <span class='ocr_line' id='line_1_1' title="bbox 546 383 1167 448; baseline 0.002 -15"><span class='ocrx_word' id='word_1_1' title='bbox 546 383 687 435; x_wconf 78' lang='lat' dir='ltr'><strong>sarisas</strong></span> <span class='ocrx_word' id='word_1_2' title='bbox 1128 387 1167 448; x_wconf 81' lang='lat'><strong>65</strong></span> 
     </span>
    </p>
   </div>
   <div class='ocr_carea' id='block_1_2' title="bbox 35 536 1236 4177">
    <p class='ocr_par' dir='ltr' id='par_1_2' title="bbox 35 536 1236 4177">
     <span class='ocr_line' id='line_1_2' title="bbox 57 536 1168 616; baseline 0 -16"><span class='ocrx_word' id='word_1_3' title='bbox 57 544 157 600; x_wconf 64' lang='lat' dir='ltr'><strong>umen</strong></span> <span class='ocrx_word' id='word_1_4' title='bbox 170 536 353 616; x_wconf 87' lang='lat' dir='ltr'><strong>frequentius</strong></span> <span class='ocrx_word' id='word_1_5' title='bbox 370 537 495 608; x_wconf 90' lang='lat' dir='ltr'><strong>vultum,</strong></span> <span class='ocrx_word' id='word_1_6' title='bbox 510 536 762 616; x_wconf 90' lang='lat' dir='ltr'><strong>intelligebamque</strong></span> <span class='ocrx_word' id='word_1_7' title='bbox 776 556 824 598; x_wconf 92' lang='lat' dir='ltr'><strong>me</strong></span> <span class='ocrx_word' id='word_1_8' title='bbox 838 556 900 598; x_wconf 91' lang='lat' dir='ltr'><strong>non</strong></span> <span class='ocrx_word' id='word_1_9' title='bbox 914 537 1052 600; x_wconf 89' lang='lat' dir='ltr'><strong>tralaticia</strong></span> <span class='ocrx_word' id='word_1_10' title='bbox 1068 538 1168 600; x_wconf 89' lang='lat' dir='ltr'><strong>defor-</strong></span> 
     </span>
     <span class='ocr_line' id='line_1_3' title="bbox 56 621 1168 703; baseline -0.001 -16"><span class='ocrx_word' id='word_1_11' title='bbox 56 623 160 687; x_wconf 77' lang='lat' dir='ltr'><strong>mitate</strong></span> <span class='ocrx_word' id='word_1_12' title='bbox 181 640 248 684; x_wconf 87' lang='lat' dir='ltr'><strong>esse</strong></span> <span class='ocrx_word' id='word_1_13' title='bbox 267 622 452 701; x_wconf 86' lang='lat' dir='ltr'><strong>insignitum,</strong></span> <span class='ocrx_word' id='word_1_14' title='bbox 473 640 558 700; x_wconf 92' lang='lat' dir='ltr'><strong>quem</strong></span> <span class='ocrx_word' id='word_1_15' title='bbox 580 621 706 700; x_wconf 84' lang='lat' dir='ltr'><strong>alloquio</strong></span> <span class='ocrx_word' id='word_1_16' title='bbox 727 622 846 697; x_wconf 81' lang='lat' dir='ltr'><strong>dignum</strong></span> <span class='ocrx_word' id='word_1_17' title='bbox 866 641 904 683; x_wconf 92' lang='lat' dir='ltr'><strong>ne</strong></span> <span class='ocrx_word' id='word_1_18' title='bbox 925 623 1029 685; x_wconf 82' lang='lat' dir='ltr'><strong>Lichas</strong></span> <span class='ocrx_word' id='word_1_19' title='bbox 1050 625 1168 703; x_wconf 89' lang='lat' dir='ltr'><strong>quidem</strong></span> 
     </span>
     <span class='ocr_line' id='line_1_4' title="bbox 57 705 1167 783; baseline -0.002 -12"><span class='ocrx_word' id='word_1_20' title='bbox 57 708 199 771; x_wconf 68' lang='lat' dir='ltr'><strong>mederet</strong></span> <span class='ocrx_word' id='word_1_21' title='bbox 226 708 278 768; x_wconf 90' lang='lat' dir='ltr'><strong>sed</strong></span> <span class='ocrx_word' id='word_1_22' title='bbox 294 707 364 769; x_wconf 90' lang='lat' dir='ltr'><strong>huic</strong></span> <span class='ocrx_word' id='word_1_23' title='bbox 377 707 510 768; x_wconf 85' lang='lat' dir='ltr'><strong>tristitiae</strong></span> <span class='ocrx_word' id='word_1_24' title='bbox 525 705 626 767; x_wconf 93' lang='lat' dir='ltr'><strong>eadem</strong></span> <span class='ocrx_word' id='word_1_25' title='bbox 642 707 687 768; x_wconf 91' lang='lat' dir='ltr'><strong>illa</strong></span> <span class='ocrx_word' id='word_1_26' title='bbox 703 707 846 769; x_wconf 80' lang='lat' dir='ltr'><strong>succurrit</strong></span> <span class='ocrx_word' id='word_1_27' title='bbox 857 708 967 783; x_wconf 85' lang='lat' dir='ltr'><strong>ancilla,</strong></span> <span class='ocrx_word' id='word_1_28' title='bbox 982 717 1167 770; x_wconf 88' lang='lat' dir='ltr'><strong>sevocatum-</strong></span> 
     </span>
     <span class='ocr_line' id='line_1_5' title="bbox 55 792 1167 874; baseline 0.001 -19"><span class='ocrx_word' id='word_1_29' title='bbox 55 812 117 874; x_wconf 81' lang='lat' dir='ltr'><strong>que·</strong></span> <span class='ocrx_word' id='word_1_30' title='bbox 127 810 178 855; x_wconf 89' lang='lat' dir='ltr'><strong>me</strong></span> <span class='ocrx_word' id='word_1_31' title='bbox 191 809 254 854; x_wconf 92' lang='lat' dir='ltr'><strong>non</strong></span> <span class='ocrx_word' id='word_1_32' title='bbox 269 793 368 854; x_wconf 91' lang='lat' dir='ltr'><strong>minus</strong></span> <span class='ocrx_word' id='word_1_33' title='bbox 384 794 492 854; x_wconf 90' lang='lat' dir='ltr'><strong>decoro</strong></span> <span class='ocrx_word' id='word_1_34' title='bbox 508 793 656 852; x_wconf 79' lang='lat' dir='ltr'><strong>exornavit</strong></span> <span class='ocrx_word' id='word_1_35' title='bbox 671 792 886 872; x_wconf 78' lang='lat' dir='ltr'><strong>capillament03</strong></span> <span class='ocrx_word' id='word_1_36' title='bbox 905 794 996 855; x_wconf 93' lang='lat' dir='ltr'><strong>immo</strong></span> <span class='ocrx_word' id='word_1_37' title='bbox 1014 812 1167 856; x_wconf 90' lang='lat' dir='ltr'><strong>commen-</strong></span> 
     </span>
     <span class='ocr_line' id='line_1_6' title="bbox 56 877 862 958; baseline -0.004 -16"><span class='ocrx_word' id='word_1_38' title='bbox 56 878 155 943; x_wconf 83' lang='lat' dir='ltr'><strong>datior</strong></span> <span class='ocrx_word' id='word_1_39' title='bbox 169 878 266 940; x_wconf 85' lang='lat' dir='ltr'><strong>vultus</strong></span> <span class='ocrx_word' id='word_1_40' title='bbox 282 877 393 952; x_wconf 80' lang='lat' dir='ltr'><strong>enituit,</strong></span> <span class='ocrx_word' id='word_1_41' title='bbox 409 878 475 957; x_wconf 90' lang='lat' dir='ltr'><strong>quia</strong></span> <span class='ocrx_word' id='word_1_42' title='bbox 490 877 596 937; x_wconf 82' lang='lat' dir='ltr'><strong>flavum</strong></span> <span class='ocrx_word' id='word_1_43' title='bbox 614 878 785 958; x_wconf 83' lang='lat' dir='ltr'><strong>corymbion</strong></span> <span class='ocrx_word' id='word_1_44' title='bbox 800 885 862 940; x_wconf 91' lang='lat' dir='ltr'><strong>erat</strong></span> 
     </span>
     <span class='ocr_line' id='line_1_7' title="bbox 598 974 619 1013; baseline 0 0"><span class='ocrx_word' id='word_1_45' title='bbox 598 974 619 1013; x_wconf 76' lang='lat' dir='ltr'><strong>a</strong></span> 
     </span>
     <span class='ocr_line' id='line_1_8' title="bbox 144 1046 1166 1130; baseline -0.002 -19"><span class='ocrx_word' id='word_1_46' title='bbox 144 1055 272 1130; x_wconf 86' lang='lat' dir='ltr'><strong>ceterum</strong></span> <span class='ocrx_word' id='word_1_47' title='bbox 288 1047 465 1125; x_wconf 85' lang='lat' dir='ltr'><strong>Eumolpos,</strong></span> <span class='ocrx_word' id='word_1_48' title='bbox 486 1054 514 1107; x_wconf 91' lang='lat' dir='ltr'><strong>et</strong></span> <span class='ocrx_word' id='word_1_49' title='bbox 533 1047 758 1126; x_wconf 83' lang='lat' dir='ltr'><strong>periclitantium</strong></span> <span class='ocrx_word' id='word_1_50' title='bbox 778 1046 936 1110; x_wconf 90' lang='lat' dir='ltr'><strong>advocatus</strong></span> <span class='ocrx_word' id='word_1_51' title='bbox 956 1057 985 1110; x_wconf 93' lang='lat' dir='ltr'><strong>et</strong></span> <span class='ocrx_word' id='word_1_52' title='bbox 1004 1049 1166 1128; x_wconf 88' lang='lat' dir='ltr'><strong>praesentis</strong></span> 
     </span>
     <span class='ocr_line' id='line_1_9' title="bbox 56 1132 1168 1207; baseline -0.003 -10"><span class='ocrx_word' id='word_1_53' title='bbox 56 1133 238 1197; x_wconf 82' lang='lat' dir='ltr'><strong>concordiae</strong></span> <span class='ocrx_word' id='word_1_54' title='bbox 252 1139 374 1206; x_wconf 84' lang='lat' dir='ltr'><strong>auctor,</strong></span> <span class='ocrx_word' id='word_1_55' title='bbox 389 1150 425 1192; x_wconf 90' lang='lat' dir='ltr'><strong>ne</strong></span> <span class='ocrx_word' id='word_1_56' title='bbox 441 1132 537 1192; x_wconf 91' lang='lat' dir='ltr'><strong>sileret</strong></span> <span class='ocrx_word' id='word_1_57' title='bbox 552 1135 615 1195; x_wconf 90' lang='lat' dir='ltr'><strong>sine</strong></span> <span class='ocrx_word' id='word_1_58' title='bbox 629 1132 734 1194; x_wconf 87' lang='lat' dir='ltr'><strong>fabulis</strong></span> <span class='ocrx_word' id='word_1_59' title='bbox 748 1133 892 1207; x_wconf 87' lang='lat' dir='ltr'><strong>hilaritas,</strong></span> <span class='ocrx_word' id='word_1_60' title='bbox 913 1135 1003 1196; x_wconf 93' lang='lat' dir='ltr'><strong>multa</strong></span> <span class='ocrx_word' id='word_1_61' title='bbox 1019 1135 1048 1195; x_wconf 90' lang='lat' dir='ltr'><strong>in</strong></span> <span class='ocrx_word' id='word_1_62' title='bbox 1064 1134 1168 1195; x_wconf 90' lang='lat' dir='ltr'><strong>mulie-</strong></span> 
     </span>
     <span class='ocr_line' id='line_1_10' title="bbox 55 1217 1167 1298; baseline -0.001 -17"><span class='ocrx_word' id='word_1_63' title='bbox 55 1218 142 1281; x_wconf 84' lang='lat' dir='ltr'><strong>brem</strong></span> <span class='ocrx_word' id='word_1_64' title='bbox 164 1217 309 1279; x_wconf 87' lang='lat' dir='ltr'><strong>levitatem</strong></span> <span class='ocrx_word' id='word_1_65' title='bbox 329 1218 425 1297; x_wconf 92' lang='lat' dir='ltr'><strong>coepit</strong></span> <span class='ocrx_word' id='word_1_66' title='bbox 445 1218 566 1278; x_wconf 89' lang='lat' dir='ltr'><strong>iactare:</strong></span> <span class='ocrx_word' id='word_1_67' title='bbox 587 1237 674 1297; x_wconf 90' lang='lat' dir='ltr'><strong>quam</strong></span> <span class='ocrx_word' id='word_1_68' title='bbox 693 1217 777 1278; x_wconf 88' lang='lat' dir='ltr'><strong>facile</strong></span> <span class='ocrx_word' id='word_1_69' title='bbox 796 1220 982 1293; x_wconf 90' lang='lat' dir='ltr'><strong>adamarent,</strong></span> <span class='ocrx_word' id='word_1_70' title='bbox 1003 1239 1090 1298; x_wconf 88' lang='lat' dir='ltr'><strong>quam</strong></span> <span class='ocrx_word' id='word_1_71' title='bbox 1111 1220 1167 1281; x_wconf 90' lang='lat' dir='ltr'><strong>cito</strong></span> 
     </span>
     <span class='ocr_line' id='line_1_11' title="bbox 56 1302 1168 1383; baseline -0.003 -16"><span class='ocrx_word' id='word_1_72' title='bbox 56 1305 146 1367; x_wconf 79' lang='lat' dir='ltr'><strong>etiam</strong></span> <span class='ocrx_word' id='word_1_73' title='bbox 166 1302 294 1364; x_wconf 87' lang='lat' dir='ltr'><strong>filiorum</strong></span> <span class='ocrx_word' id='word_1_74' title='bbox 314 1302 566 1375; x_wconf 84' lang='lat' dir='ltr'><strong>obliviscerentur,</strong></span> <span class='ocrx_word' id='word_1_75' title='bbox 589 1304 756 1381; x_wconf 84' lang='lat' dir='ltr'><strong>nullamque</strong></span> <span class='ocrx_word' id='word_1_76' title='bbox 771 1321 837 1363; x_wconf 91' lang='lat' dir='ltr'><strong>esse</strong></span> <span class='ocrx_word' id='word_1_77' title='bbox 850 1304 990 1365; x_wconf 91' lang='lat' dir='ltr'><strong>feminam</strong></span> <span class='ocrx_word' id='word_1_78' title='bbox 1005 1312 1065 1366; x_wconf 92' lang='lat' dir='ltr'><strong>tam</strong></span> <span class='ocrx_word' id='word_1_79' title='bbox 1082 1304 1168 1383; x_wconf 92' lang='lat' dir='ltr'><strong>pudi-</strong></span> 
     </span>
     <span class='ocr_line' id='line_1_12' title="bbox 60 1387 1168 1468; baseline -0.001 -17"><span class='ocrx_word' id='word_1_80' title='bbox 60 1407 141 1463; x_wconf 82' lang='lat' dir='ltr'><strong>cam,</strong></span> <span class='ocrx_word' id='word_1_81' title='bbox 167 1406 240 1468; x_wconf 88' lang='lat' dir='ltr'><strong>quae</strong></span> <span class='ocrx_word' id='word_1_82' title='bbox 266 1406 328 1449; x_wconf 91' lang='lat' dir='ltr'><strong>non</strong></span> <span class='ocrx_word' id='word_1_83' title='bbox 352 1387 505 1466; x_wconf 88' lang='lat' dir='ltr'><strong>peregrina</strong></span> <span class='ocrx_word' id='word_1_84' title='bbox 525 1388 643 1448; x_wconf 91' lang='lat' dir='ltr'><strong>libidine</strong></span> <span class='ocrx_word' id='word_1_85' title='bbox 663 1389 810 1467; x_wconf 89' lang='lat' dir='ltr'><strong>usquead</strong></span> <span class='ocrx_word' id='word_1_86' title='bbox 832 1389 963 1450; x_wconf 90' lang='lat' dir='ltr'><strong>furorem</strong></span> <span class='ocrx_word' id='word_1_87' title='bbox 983 1396 1168 1451; x_wconf 87' lang='lat' dir='ltr'><strong>averteretur.</strong></span> 
     </span>
     <span class='ocr_line' id='line_1_13' title="bbox 56 1472 1168 1552; baseline -0.002 -16"><span class='ocrx_word' id='word_1_88' title='bbox 56 1490 114 1536; x_wconf 87' lang='lat' dir='ltr'><strong>nec</strong></span> <span class='ocrx_word' id='word_1_89' title='bbox 126 1491 161 1535; x_wconf 90' lang='lat' dir='ltr'><strong>se</strong></span> <span class='ocrx_word' id='word_1_90' title='bbox 173 1472 339 1552; x_wconf 79' lang='lat' dir='ltr'><strong>tragoedias</strong></span> <span class='ocrx_word' id='word_1_91' title='bbox 354 1480 464 1534; x_wconf 90' lang='lat' dir='ltr'><strong>veteres</strong></span> <span class='ocrx_word' id='word_1_92' title='bbox 480 1491 581 1534; x_wconf 84' lang='lat' dir='ltr'><strong>curere</strong></span> <span class='ocrx_word' id='word_1_93' title='bbox 597 1480 646 1533; x_wconf 92' lang='lat' dir='ltr'><strong>aut</strong></span> <span class='ocrx_word' id='word_1_94' title='bbox 660 1473 780 1533; x_wconf 90' lang='lat' dir='ltr'><strong>nomina</strong></span> <span class='ocrx_word' id='word_1_95' title='bbox 795 1474 917 1535; x_wconf 90' lang='lat' dir='ltr'><strong>saeculis</strong></span> <span class='ocrx_word' id='word_1_96' title='bbox 933 1481 1017 1546; x_wconf 85' lang='lat' dir='ltr'><strong>nota,</strong></span> <span class='ocrx_word' id='word_1_97' title='bbox 1039 1475 1090 1535; x_wconf 89' lang='lat' dir='ltr'><strong>sed</strong></span> <span class='ocrx_word' id='word_1_98' title='bbox 1105 1493 1168 1535; x_wconf 92' lang='lat' dir='ltr'><strong>rem</strong></span> 
     </span>
     <span class='ocr_line' id='line_1_14' title="bbox 58 1558 1168 1637; baseline -0.001 -15"><span class='ocrx_word' id='word_1_99' title='bbox 58 1576 114 1622; x_wconf 75' lang='lat' dir='ltr'><strong>sua</strong></span> <span class='ocrx_word' id='word_1_100' title='bbox 137 1559 281 1621; x_wconf 86' lang='lat' dir='ltr'><strong>memoria</strong></span> <span class='ocrx_word' id='word_1_101' title='bbox 307 1559 431 1631; x_wconf 88' lang='lat' dir='ltr'><strong>factam,</strong></span> <span class='ocrx_word' id='word_1_102' title='bbox 458 1577 544 1637; x_wconf 92' lang='lat' dir='ltr'><strong>quam</strong></span> <span class='ocrx_word' id='word_1_103' title='bbox 575 1558 776 1637; x_wconf 90' lang='lat' dir='ltr'><strong>expositurum</strong></span> <span class='ocrx_word' id='word_1_104' title='bbox 802 1578 835 1619; x_wconf 91' lang='lat' dir='ltr'><strong>se</strong></span> <span class='ocrx_word' id='word_1_105' title='bbox 861 1579 941 1632; x_wconf 90' lang='lat' dir='ltr'><strong>esse,</strong></span> <span class='ocrx_word' id='word_1_106' title='bbox 975 1561 1000 1621; x_wconf 91' lang='lat' dir='ltr'><strong>si</strong></span> <span class='ocrx_word' id='word_1_107' title='bbox 1029 1560 1168 1621; x_wconf 88' lang='lat' dir='ltr'><strong>vellemus</strong></span> 
     </span>
     <span class='ocr_line' id='line_1_15' title="bbox 36 1643 1168 1725; baseline -0.001 -18"><span class='ocrx_word' id='word_1_108' title='bbox 36 1720 39 1724; x_wconf 14' lang='grc' dir='ltr'>ι</span> <span class='ocrx_word' id='word_1_109' title='bbox 57 1643 169 1707; x_wconf 80' lang='lat' dir='ltr'><strong>audire.</strong></span> <span class='ocrx_word' id='word_1_110' title='bbox 199 1643 349 1706; x_wconf 89' lang='lat' dir='ltr'><strong>conversis</strong></span> <span class='ocrx_word' id='word_1_111' title='bbox 369 1644 457 1723; x_wconf 92' lang='lat' dir='ltr'><strong>igitur</strong></span> <span class='ocrx_word' id='word_1_112' title='bbox 477 1644 611 1705; x_wconf 91' lang='lat' dir='ltr'><strong>omnium</strong></span> <span class='ocrx_word' id='word_1_113' title='bbox 632 1645 662 1704; x_wconf 92' lang='lat' dir='ltr'><strong>in</strong></span> <span class='ocrx_word' id='word_1_114' title='bbox 678 1663 711 1704; x_wconf 91' lang='lat' dir='ltr'><strong>se</strong></span> <span class='ocrx_word' id='word_1_115' title='bbox 726 1643 851 1706; x_wconf 89' lang='lat' dir='ltr'><strong>vultibus</strong></span> <span class='ocrx_word' id='word_1_116' title='bbox 867 1645 1046 1725; x_wconf 86' lang='lat' dir='ltr'><strong>auribusque</strong></span> <span class='ocrx_word' id='word_1_117' title='bbox 1060 1646 1104 1707; x_wconf 91' lang='lat' dir='ltr'><strong>sic</strong></span> <span class='ocrx_word' id='word_1_118' title='bbox 1117 1664 1168 1706; x_wconf 86' lang='lat' dir='ltr'><strong>ex-</strong></span> 
     </span>
     <span class='ocr_line' id='line_1_16' title="bbox 60 1737 225 1792; baseline -0.012 0"><span class='ocrx_word' id='word_1_119' title='bbox 60 1746 151 1792; x_wconf 86' lang='lat' dir='ltr'><strong>orsus</strong></span> <span class='ocrx_word' id='word_1_120' title='bbox 166 1737 225 1792; x_wconf 72' lang='lat' dir='ltr'><strong>esta</strong></span> 
     </span>
     <span class='ocr_line' id='line_1_17' title="bbox 138 1805 1236 1893; baseline -0.005 -17"><span class='ocrx_word' id='word_1_121' title='bbox 138 1805 284 1876; x_wconf 86' lang='lat' dir='ltr'><strong>‘matrona</strong></span> <span class='ocrx_word' id='word_1_122' title='bbox 300 1814 442 1893; x_wconf 90' lang='lat' dir='ltr'><strong>quaedam</strong></span> <span class='ocrx_word' id='word_1_123' title='bbox 456 1814 566 1893; x_wconf 83' lang='lat' dir='ltr'><strong>Ephesi</strong></span> <span class='ocrx_word' id='word_1_124' title='bbox 580 1821 639 1875; x_wconf 93' lang='lat' dir='ltr'><strong>tam</strong></span> <span class='ocrx_word' id='word_1_125' title='bbox 656 1821 742 1875; x_wconf 91' lang='lat' dir='ltr'><strong>notae</strong></span> <span class='ocrx_word' id='word_1_126' title='bbox 758 1821 820 1876; x_wconf 90' lang='lat' dir='ltr'><strong>erat</strong></span> <span class='ocrx_word' id='word_1_127' title='bbox 835 1814 1000 1893; x_wconf 88' lang='lat' dir='ltr'><strong>pudicitiae,</strong></span> <span class='ocrx_word' id='word_1_128' title='bbox 1017 1815 1167 1877; x_wconf 90' lang='lat' dir='ltr'><strong>utvicina·</strong></span> <span class='ocrx_word' id='word_1_129' title='bbox 1180 1811 1236 1872; x_wconf 90' lang='lat' dir='ltr'><strong>lll</strong></span> 
     </span>
     <span class='ocr_line' id='line_1_18' title="bbox 57 1899 1170 1980; baseline 0 -19"><span class='ocrx_word' id='word_1_130' title='bbox 57 1918 125 1961; x_wconf 89' lang='lat' dir='ltr'><strong>rum</strong></span> <span class='ocrx_word' id='word_1_131' title='bbox 151 1917 269 1980; x_wconf 88' lang='lat' dir='ltr'><strong>quoque</strong></span> <span class='ocrx_word' id='word_1_132' title='bbox 290 1899 419 1978; x_wconf 88' lang='lat' dir='ltr'><strong>gentium</strong></span> <span class='ocrx_word' id='word_1_133' title='bbox 440 1900 562 1960; x_wconf 90' lang='lat' dir='ltr'><strong>feminas</strong></span> <span class='ocrx_word' id='word_1_134' title='bbox 585 1901 622 1960; x_wconf 93' lang='lat' dir='ltr'><strong>ad</strong></span> <span class='ocrx_word' id='word_1_135' title='bbox 641 1900 838 1977; x_wconf 86' lang='lat' dir='ltr'><strong>spectaculum</strong></span> <span class='ocrx_word' id='word_1_136' title='bbox 859 1901 904 1960; x_wconf 94' lang='lat' dir='ltr'><strong>sui</strong></span> <span class='ocrx_word' id='word_1_137' title='bbox 924 1909 1064 1961; x_wconf 90' lang='lat' dir='ltr'><strong>evocaret.</strong></span> <span class='ocrx_word' id='word_1_138' title='bbox 1098 1902 1170 1961; x_wconf 92' lang='lat' dir='ltr'><strong>baec</strong></span> 
     </span>
     <span class='ocr_line' id='line_1_19' title="bbox 56 1984 1168 2064; baseline -0.001 -18"><span class='ocrx_word' id='word_1_139' title='bbox 56 2002 130 2064; x_wconf 86' lang='lat' dir='ltr'><strong>ergo</strong></span> <span class='ocrx_word' id='word_1_140' title='bbox 145 1984 320 2048; x_wconf 90' lang='lat' dir='ltr'><strong>cum-virum</strong></span> <span class='ocrx_word' id='word_1_141' title='bbox 336 1984 501 2057; x_wconf 80' lang='lat' dir='ltr'><strong>extulisset,</strong></span> <span class='ocrx_word' id='word_1_142' title='bbox 517 2002 578 2045; x_wconf 92' lang='lat' dir='ltr'><strong>non</strong></span> <span class='ocrx_word' id='word_1_143' title='bbox 594 1991 731 2045; x_wconf 89' lang='lat' dir='ltr'><strong>contenta</strong></span> <span class='ocrx_word' id='word_1_144' title='bbox 745 1984 855 2063; x_wconf 92' lang='lat' dir='ltr'><strong>vulgari</strong></span> <span class='ocrx_word' id='word_1_145' title='bbox 870 2004 954 2046; x_wconf 89' lang='lat' dir='ltr'><strong>more</strong></span> <span class='ocrx_word' id='word_1_146' title='bbox 968 1985 1057 2047; x_wconf 90' lang='lat' dir='ltr'><strong>funus</strong></span> <span class='ocrx_word' id='word_1_147' title='bbox 1073 1985 1168 2063; x_wconf 88' lang='lat' dir='ltr'><strong>passis</strong></span> 
     </span>
     <span class='ocr_line' id='line_1_20' title="bbox 56 2069 1169 2150; baseline -0.001 -18"><span class='ocrx_word' id='word_1_148' title='bbox 56 2069 200 2150; x_wconf 87' lang='lat' dir='ltr'><strong>prosequi</strong></span> <span class='ocrx_word' id='word_1_149' title='bbox 225 2069 355 2132; x_wconf 90' lang='lat' dir='ltr'><strong>crinibus</strong></span> <span class='ocrx_word' id='word_1_150' title='bbox 382 2077 431 2130; x_wconf 90' lang='lat' dir='ltr'><strong>aut</strong></span> <span class='ocrx_word' id='word_1_151' title='bbox 456 2069 597 2130; x_wconf 89' lang='lat' dir='ltr'><strong>nudatum</strong></span> <span class='ocrx_word' id='word_1_152' title='bbox 624 2076 726 2148; x_wconf 90' lang='lat' dir='ltr'><strong>pectus</strong></span> <span class='ocrx_word' id='word_1_153' title='bbox 752 2069 782 2131; x_wconf 92' lang='lat' dir='ltr'><strong>in</strong></span> <span class='ocrx_word' id='word_1_154' title='bbox 810 2077 970 2149; x_wconf 90' lang='lat' dir='ltr'><strong>conspectu</strong></span> <span class='ocrx_word' id='word_1_155' title='bbox 991 2071 1169 2149; x_wconf 88' lang='lat' dir='ltr'><strong>frequentiae</strong></span> 
     </span>
     <span class='ocr_line' id='line_1_21' title="bbox 57 2154 1168 2236; baseline 0 -20"><span class='ocrx_word' id='word_1_156' title='bbox 57 2154 211 2236; x_wconf 82' lang='lat' dir='ltr'><strong>plangere,</strong></span> <span class='ocrx_word' id='word_1_157' title='bbox 227 2155 257 2216; x_wconf 91' lang='lat' dir='ltr'><strong>iu</strong></span> <span class='ocrx_word' id='word_1_158' title='bbox 273 2155 468 2216; x_wconf 89' lang='lat' dir='ltr'><strong>conditorium</strong></span> <span class='ocrx_word' id='word_1_159' title='bbox 485 2156 571 2215; x_wconf 89' lang='lat' dir='ltr'><strong>etiam</strong></span> <span class='ocrx_word' id='word_1_160' title='bbox 587 2163 742 2234; x_wconf 90' lang='lat' dir='ltr'><strong>prosecuta</strong></span> <span class='ocrx_word' id='word_1_161' title='bbox 758 2162 803 2215; x_wconf 91' lang='lat' dir='ltr'><strong>est</strong></span> <span class='ocrx_word' id='word_1_162' title='bbox 817 2155 1001 2229; x_wconf 90' lang='lat' dir='ltr'><strong>defunctum,</strong></span> <span class='ocrx_word' id='word_1_163' title='bbox 1021 2156 1168 2235; x_wconf 90' lang='lat' dir='ltr'><strong>positum-</strong></span> 
     </span>
     <span class='ocr_line' id='line_1_22' title="bbox 58 2239 1170 2321; baseline -0.001 -19"><span class='ocrx_word' id='word_1_164' title='bbox 58 2259 117 2320; x_wconf 82' lang='lat' dir='ltr'><strong>que</strong></span> <span class='ocrx_word' id='word_1_165' title='bbox 131 2240 162 2301; x_wconf 92' lang='lat' dir='ltr'><strong>in</strong></span> <span class='ocrx_word' id='word_1_166' title='bbox 176 2240 329 2321; x_wconf 75' lang='lat' dir='ltr'><strong>hypogaeo</strong></span> <span class='ocrx_word' id='word_1_167' title='bbox 345 2241 455 2301; x_wconf 88' lang='lat' dir='ltr'><strong>Graeco</strong></span> <span class='ocrx_word' id='word_1_168' title='bbox 471 2258 554 2301; x_wconf 89' lang='lat' dir='ltr'><strong>more</strong></span> <span class='ocrx_word' id='word_1_169' title='bbox 570 2259 677 2320; x_wconf 92' lang='lat' dir='ltr'><strong>corpus</strong></span> <span class='ocrx_word' id='word_1_170' title='bbox 694 2240 842 2301; x_wconf 89' lang='lat' dir='ltr'><strong>custodire</strong></span> <span class='ocrx_word' id='word_1_171' title='bbox 857 2259 891 2302; x_wconf 93' lang='lat' dir='ltr'><strong>ac</strong></span> <span class='ocrx_word' id='word_1_172' title='bbox 904 2241 974 2302; x_wconf 90' lang='lat' dir='ltr'><strong>flere</strong></span> <span class='ocrx_word' id='word_1_173' title='bbox 987 2241 1058 2302; x_wconf 90' lang='lat' dir='ltr'><strong>totis</strong></span> <span class='ocrx_word' id='word_1_174' title='bbox 1073 2239 1170 2302; x_wconf 67' lang='lat' dir='ltr'><strong>nocti·⁴</strong></span> 
     </span>
     <span class='ocr_line' id='line_1_23' title="bbox 60 2324 1169 2405; baseline 0.001 -19"><span class='ocrx_word' id='word_1_175' title='bbox 60 2325 118 2387; x_wconf 91' lang='lat' dir='ltr'><strong>bus</strong></span> <span class='ocrx_word' id='word_1_176' title='bbox 140 2324 303 2405; x_wconf 90' lang='lat' dir='ltr'><strong>diebusque</strong></span> <span class='ocrx_word' id='word_1_177' title='bbox 317 2325 422 2404; x_wconf 89' lang='lat' dir='ltr'><strong>coepit.</strong></span> <span class='ocrx_word' id='word_1_178' title='bbox 454 2326 496 2386; x_wconf 90' lang='lat' dir='ltr'><strong>sic</strong></span> <span class='ocrx_word' id='word_1_179' title='bbox 510 2326 703 2387; x_wconf 86' lang='lat' dir='ltr'><strong>adflictantem</strong></span> <span class='ocrx_word' id='word_1_180' title='bbox 720 2345 752 2386; x_wconf 91' lang='lat' dir='ltr'><strong>se</strong></span> <span class='ocrx_word' id='word_1_181' title='bbox 766 2344 799 2386; x_wconf 92' lang='lat' dir='ltr'><strong>ac</strong></span> <span class='ocrx_word' id='word_1_182' title='bbox 814 2334 939 2387; x_wconf 88' lang='lat' dir='ltr'><strong>mortem</strong></span> <span class='ocrx_word' id='word_1_183' title='bbox 956 2327 1050 2387; x_wconf 91' lang='lat' dir='ltr'><strong>inedia</strong></span> <span class='ocrx_word' id='word_1_184' title='bbox 1066 2344 1169 2405; x_wconf 90' lang='lat' dir='ltr'><strong>perse·</strong></span> 
     </span>
     <span class='ocr_line' id='line_1_24' title="bbox 60 2411 1168 2490; baseline 0 -19"><span class='ocrx_word' id='word_1_185' title='bbox 60 2416 200 2490; x_wconf 87' lang='lat' dir='ltr'><strong>quentem</strong></span> <span class='ocrx_word' id='word_1_186' title='bbox 218 2428 279 2472; x_wconf 93' lang='lat' dir='ltr'><strong>non</strong></span> <span class='ocrx_word' id='word_1_187' title='bbox 299 2418 436 2489; x_wconf 90' lang='lat' dir='ltr'><strong>parentes</strong></span> <span class='ocrx_word' id='word_1_188' title='bbox 452 2419 612 2489; x_wconf 91' lang='lat' dir='ltr'><strong>potuerunt</strong></span> <span class='ocrx_word' id='word_1_189' title='bbox 627 2411 786 2482; x_wconf 90' lang='lat' dir='ltr'><strong>abducere,</strong></span> <span class='ocrx_word' id='word_1_190' title='bbox 807 2429 868 2472; x_wconf 91' lang='lat' dir='ltr'><strong>non</strong></span> <span class='ocrx_word' id='word_1_191' title='bbox 884 2411 1057 2490; x_wconf 83' lang='lat' dir='ltr'><strong>propinqui3</strong></span> <span class='ocrx_word' id='word_1_192' title='bbox 1078 2411 1168 2490; x_wconf 87' lang='lat' dir='ltr'><strong>magi·</strong></span> 
     </span>
     <span class='ocr_line' id='line_1_25' title="bbox 59 2494 1169 2575; baseline -0.001 -18"><span class='ocrx_word' id='word_1_193' title='bbox 59 2502 170 2558; x_wconf 87' lang='lat' dir='ltr'><strong>stratus</strong></span> <span class='ocrx_word' id='word_1_194' title='bbox 190 2495 294 2557; x_wconf 91' lang='lat' dir='ltr'><strong>ultimo</strong></span> <span class='ocrx_word' id='word_1_195' title='bbox 316 2494 426 2574; x_wconf 89' lang='lat' dir='ltr'><strong>repulsi</strong></span> <span class='ocrx_word' id='word_1_196' title='bbox 446 2496 593 2568; x_wconf 91' lang='lat' dir='ltr'><strong>abierunt,</strong></span> <span class='ocrx_word' id='word_1_197' title='bbox 614 2497 851 2575; x_wconf 87' lang='lat' dir='ltr'><strong>complorataque</strong></span> <span class='ocrx_word' id='word_1_198' title='bbox 871 2496 1024 2574; x_wconf 89' lang='lat' dir='ltr'><strong>singularis</strong></span> <span class='ocrx_word' id='word_1_199' title='bbox 1046 2495 1169 2574; x_wconf 90' lang='lat' dir='ltr'><strong>exempli</strong></span> 
     </span>
     <span class='ocr_line' id='line_1_26' title="bbox 57 2580 1170 2659; baseline -0.001 -17"><span class='ocrx_word' id='word_1_200' title='bbox 57 2580 168 2642; x_wconf 87' lang='lat' dir='ltr'><strong>femina</strong></span> <span class='ocrx_word' id='word_1_201' title='bbox 188 2580 225 2642; x_wconf 92' lang='lat' dir='ltr'><strong>ab</strong></span> <span class='ocrx_word' id='word_1_202' title='bbox 244 2581 381 2641; x_wconf 88' lang='lat' dir='ltr'><strong>omnibus</strong></span> <span class='ocrx_word' id='word_1_203' title='bbox 402 2580 533 2659; x_wconf 93' lang='lat' dir='ltr'><strong>quintum</strong></span> <span class='ocrx_word' id='word_1_204' title='bbox 549 2581 606 2641; x_wconf 92' lang='lat' dir='ltr'><strong>iam</strong></span> <span class='ocrx_word' id='word_1_205' title='bbox 623 2582 699 2640; x_wconf 89' lang='lat' dir='ltr'><strong>diem</strong></span> <span class='ocrx_word' id='word_1_206' title='bbox 715 2580 778 2640; x_wconf 90' lang='lat' dir='ltr'><strong>sine</strong></span> <span class='ocrx_word' id='word_1_207' title='bbox 793 2581 930 2641; x_wconf 91' lang='lat' dir='ltr'><strong>alimento</strong></span> <span class='ocrx_word' id='word_1_208' title='bbox 946 2580 1086 2642; x_wconf 88' lang='lat' dir='ltr'><strong>trahebat.</strong></span> <span class='ocrx_word' id='word_1_209' title='bbox 1116 2581 1170 2641; x_wconf 92' lang='lat' dir='ltr'><strong>ad-</strong></span> 
     </span>
     <span class='ocr_line' id='line_1_27' title="bbox 59 2665 1170 2745; baseline -0.004 -17"><span class='ocrx_word' id='word_1_210' title='bbox 59 2665 172 2742; x_wconf 86' lang='lat' dir='ltr'><strong>sidebat</strong></span> <span class='ocrx_word' id='word_1_211' title='bbox 190 2683 291 2745; x_wconf 77' lang='lat' dir='ltr'><strong>aegrae</strong></span> <span class='ocrx_word' id='word_1_212' title='bbox 310 2666 452 2726; x_wconf 88' lang='lat' dir='ltr'><strong>fidissima</strong></span> <span class='ocrx_word' id='word_1_213' title='bbox 474 2665 587 2739; x_wconf 90' lang='lat' dir='ltr'><strong>ancilla,</strong></span> <span class='ocrx_word' id='word_1_214' title='bbox 607 2665 752 2744; x_wconf 89' lang='lat' dir='ltr'><strong>simulque</strong></span> <span class='ocrx_word' id='word_1_215' title='bbox 772 2671 800 2725; x_wconf 90' lang='lat' dir='ltr'><strong>et</strong></span> <span class='ocrx_word' id='word_1_216' title='bbox 813 2665 948 2726; x_wconf 89' lang='lat' dir='ltr'><strong>lacrimas</strong></span> <span class='ocrx_word' id='word_1_217' title='bbox 964 2665 1170 2726; x_wconf 88' lang='lat' dir='ltr'><strong>commodabat</strong></span> 
     </span>
     <span class='ocr_line' id='line_1_28' title="bbox 58 2750 1169 2833; baseline -0.003 -19"><span class='ocrx_word' id='word_1_218' title='bbox 58 2751 171 2831; x_wconf 89' lang='lat' dir='ltr'><strong>lugenti</strong></span> <span class='ocrx_word' id='word_1_219' title='bbox 189 2750 218 2813; x_wconf 86' lang='lat' dir='ltr'><strong>e&#39;t</strong></span> <span class='ocrx_word' id='word_1_220' title='bbox 236 2752 486 2833; x_wconf 89' lang='lat' dir='ltr'><strong>quotienscunque</strong></span> <span class='ocrx_word' id='word_1_221' title='bbox 505 2751 647 2812; x_wconf 88' lang='lat' dir='ltr'><strong>defecerat</strong></span> <span class='ocrx_word' id='word_1_222' title='bbox 665 2751 796 2830; x_wconf 91' lang='lat' dir='ltr'><strong>positum</strong></span> <span class='ocrx_word' id='word_1_223' title='bbox 818 2753 847 2811; x_wconf 94' lang='lat' dir='ltr'><strong>in</strong></span> <span class='ocrx_word' id='word_1_224' title='bbox 864 2758 1056 2811; x_wconf 89' lang='lat' dir='ltr'><strong>monumento</strong></span> <span class='ocrx_word' id='word_1_225' title='bbox 1071 2751 1169 2811; x_wconf 89' lang='lat' dir='ltr'><strong>lumen</strong></span> 
     </span>
     <span class='ocr_line' id='line_1_29' title="bbox 35 2835 1171 2915; baseline -0.002 -17"><span class='ocrx_word' id='word_1_226' title='bbox 35 2855 37 2858; x_wconf 75' lang='grc'>’</span> <span class='ocrx_word' id='word_1_227' title='bbox 58 2836 228 2899; x_wconf 89' lang='lat' dir='ltr'><strong>renovabat.</strong></span> <span class='ocrx_word' id='word_1_228' title='bbox 262 2855 318 2899; x_wconf 91' lang='lat' dir='ltr'><strong>una</strong></span> <span class='ocrx_word' id='word_1_229' title='bbox 338 2837 426 2915; x_wconf 88' lang='lat' dir='ltr'><strong>igitur</strong></span> <span class='ocrx_word' id='word_1_230' title='bbox 444 2836 475 2896; x_wconf 92' lang='lat' dir='ltr'><strong>in</strong></span> <span class='ocrx_word' id='word_1_231' title='bbox 494 2844 555 2898; x_wconf 91' lang='lat' dir='ltr'><strong>tota</strong></span> <span class='ocrx_word' id='word_1_232' title='bbox 577 2836 689 2897; x_wconf 87' lang='lat' dir='ltr'><strong>civitate</strong></span> <span class='ocrx_word' id='word_1_233' title='bbox 708 2835 805 2897; x_wconf 91' lang='lat' dir='ltr'><strong>fabula</strong></span> <span class='ocrx_word' id='word_1_234' title='bbox 825 2842 900 2897; x_wconf 90' lang='lat' dir='ltr'><strong>erat:</strong></span> <span class='ocrx_word' id='word_1_235' title='bbox 921 2835 1016 2896; x_wconf 92' lang='lat' dir='ltr'><strong>solum</strong></span> <span class='ocrx_word' id='word_1_236' title='bbox 1029 2835 1171 2906; x_wconf 86' lang='lat' dir='ltr'><strong>videlicet</strong></span> 
     </span>
     <span class='ocr_line' id='line_1_30' title="bbox 58 2921 1170 3001; baseline -0.002 -17"><span class='ocrx_word' id='word_1_237' title='bbox 58 2922 128 2984; x_wconf 91' lang='lat' dir='ltr'><strong>illud</strong></span> <span class='ocrx_word' id='word_1_238' title='bbox 152 2921 308 2984; x_wconf 89' lang='lat' dir='ltr'><strong>adfulsisse</strong></span> <span class='ocrx_word' id='word_1_239' title='bbox 328 2941 427 2983; x_wconf 91' lang='lat' dir='ltr'><strong>verum</strong></span> <span class='ocrx_word' id='word_1_240' title='bbox 443 2921 598 3000; x_wconf 90' lang='lat' dir='ltr'><strong>pudicitiae</strong></span> <span class='ocrx_word' id='word_1_241' title='bbox 612 2921 780 3001; x_wconf 92' lang='lat' dir='ltr'><strong>amorisque</strong></span> <span class='ocrx_word' id='word_1_242' title='bbox 795 2923 960 3001; x_wconf 88' lang='lat' dir='ltr'><strong>exemplum</strong></span> <span class='ocrx_word' id='word_1_243' title='bbox 976 2921 1074 2982; x_wconf 92' lang='lat' dir='ltr'><strong>omnis</strong></span> <span class='ocrx_word' id='word_1_244' title='bbox 1090 2921 1170 2982; x_wconf 87' lang='lat' dir='ltr'><strong>ordi·</strong></span> 
     </span>
     <span class='ocr_line' id='line_1_31' title="bbox 60 3006 1170 3086; baseline -0.001 -18"><span class='ocrx_word' id='word_1_245' title='bbox 60 3007 107 3069; x_wconf 91' lang='lat' dir='ltr'><strong>nis</strong></span> <span class='ocrx_word' id='word_1_246' title='bbox 123 3006 258 3070; x_wconf 89' lang='lat' dir='ltr'><strong>homines</strong></span> <span class='ocrx_word' id='word_1_247' title='bbox 274 3008 497 3082; x_wconf 85' lang='lat' dir='ltr'><strong>confitebantur,</strong></span> <span class='ocrx_word' id='word_1_248' title='bbox 516 3026 581 3069; x_wconf 90' lang='lat' dir='ltr'><strong>cum</strong></span> <span class='ocrx_word' id='word_1_249' title='bbox 597 3007 713 3068; x_wconf 90' lang='lat' dir='ltr'><strong>interim</strong></span> <span class='ocrx_word' id='word_1_250' title='bbox 726 3008 885 3086; x_wconf 91' lang='lat' dir='ltr'><strong>imperator</strong></span> <span class='ocrx_word' id='word_1_251' title='bbox 900 3006 1066 3086; x_wconf 89' lang='lat' dir='ltr'><strong>provinciae</strong></span> <span class='ocrx_word' id='word_1_252' title='bbox 1080 3007 1170 3068; x_wconf 92' lang='lat' dir='ltr'><strong>latro-</strong></span> 
     </span>
     <span class='ocr_line' id='line_1_32' title="bbox 61 3091 1171 3171; baseline -0.002 -17"><span class='ocrx_word' id='word_1_253' title='bbox 61 3110 116 3154; x_wconf 90' lang='lat' dir='ltr'><strong>nes</strong></span> <span class='ocrx_word' id='word_1_254' title='bbox 136 3092 225 3154; x_wconf 90' lang='lat' dir='ltr'><strong>iussit</strong></span> <span class='ocrx_word' id='word_1_255' title='bbox 246 3093 381 3155; x_wconf 92' lang='lat' dir='ltr'><strong>crucibus</strong></span> <span class='ocrx_word' id='word_1_256' title='bbox 401 3094 486 3170; x_wconf 85' lang='lat' dir='ltr'><strong>adfigi</strong></span> <span class='ocrx_word' id='word_1_257' title='bbox 503 3093 662 3154; x_wconf 88' lang='lat' dir='ltr'><strong>secundum</strong></span> <span class='ocrx_word' id='word_1_258' title='bbox 678 3093 756 3153; x_wconf 90' lang='lat' dir='ltr'><strong>illam</strong></span> <span class='ocrx_word' id='word_1_259' title='bbox 772 3093 894 3153; x_wconf 90' lang='lat' dir='ltr'><strong>eandem</strong></span> <span class='ocrx_word' id='word_1_260' title='bbox 911 3092 1053 3164; x_wconf 90' lang='lat' dir='ltr'><strong>casulam,</strong></span> <span class='ocrx_word' id='word_1_261' title='bbox 1069 3091 1098 3152; x_wconf 93' lang='lat' dir='ltr'><strong>in</strong></span> <span class='ocrx_word' id='word_1_262' title='bbox 1114 3110 1171 3171; x_wconf 86' lang='lat' dir='ltr'><strong>qua</strong></span> 
     </span>
     <span class='ocr_line' id='line_1_33' title="bbox 59 3177 1170 3256; baseline -0.003 -16"><span class='ocrx_word' id='word_1_263' title='bbox 59 3195 161 3240; x_wconf 86' lang='lat' dir='ltr'><strong>recens</strong></span> <span class='ocrx_word' id='word_1_264' title='bbox 182 3178 302 3240; x_wconf 91' lang='lat' dir='ltr'><strong>cadaver</strong></span> <span class='ocrx_word' id='word_1_265' title='bbox 321 3186 454 3240; x_wconf 89' lang='lat' dir='ltr'><strong>matrona</strong></span> <span class='ocrx_word' id='word_1_266' title='bbox 475 3177 606 3238; x_wconf 87' lang='lat' dir='ltr'><strong>deflebat.</strong></span> <span class='ocrx_word' id='word_1_267' title='bbox 637 3179 770 3256; x_wconf 91' lang='lat' dir='ltr'><strong>proxima</strong></span> <span class='ocrx_word' id='word_1_268' title='bbox 790 3196 858 3256; x_wconf 92' lang='lat' dir='ltr'><strong>ergo</strong></span> <span class='ocrx_word' id='word_1_269' title='bbox 879 3186 978 3251; x_wconf 87' lang='lat' dir='ltr'><strong>nocte,</strong></span> <span class='ocrx_word' id='word_1_270' title='bbox 995 3197 1060 3238; x_wconf 91' lang='lat' dir='ltr'><strong>cum</strong></span> <span class='ocrx_word' id='word_1_271' title='bbox 1077 3177 1170 3251; x_wconf 78' lang='lat' dir='ltr'><strong>mileo,</strong></span> 
     </span>
     <span class='ocr_line' id='line_1_34' title="bbox 61 3262 1171 3342; baseline -0.002 -18"><span class='ocrx_word' id='word_1_272' title='bbox 61 3263 111 3342; x_wconf 93' lang='lat' dir='ltr'><strong>qui</strong></span> <span class='ocrx_word' id='word_1_273' title='bbox 126 3281 229 3324; x_wconf 89' lang='lat' dir='ltr'><strong>cruces</strong></span> <span class='ocrx_word' id='word_1_274' title='bbox 244 3265 421 3336; x_wconf 89' lang='lat' dir='ltr'><strong>asservabat,</strong></span> <span class='ocrx_word' id='word_1_275' title='bbox 437 3263 550 3342; x_wconf 90' lang='lat' dir='ltr'><strong>nequis</strong></span> <span class='ocrx_word' id='word_1_276' title='bbox 563 3264 598 3323; x_wconf 92' lang='lat' dir='ltr'><strong>ad</strong></span> <span class='ocrx_word' id='word_1_277' title='bbox 612 3263 791 3341; x_wconf 89' lang='lat' dir='ltr'><strong>sepulturam</strong></span> <span class='ocrx_word' id='word_1_278' title='bbox 806 3281 914 3341; x_wconf 89' lang='lat' dir='ltr'><strong>corpus</strong></span> <span class='ocrx_word' id='word_1_279' title='bbox 928 3262 1098 3333; x_wconf 89' lang='lat' dir='ltr'><strong>detraheret,</strong></span> <span class='ocrx_word' id='word_1_280' title='bbox 1112 3279 1171 3322; x_wconf 94' lang='lat' dir='ltr'><strong>no-</strong></span> 
     </span>
     <span class='ocr_line' id='line_1_35' title="bbox 60 3346 1170 3428; baseline -0.002 -18"><span class='ocrx_word' id='word_1_281' title='bbox 60 3355 153 3410; x_wconf 88' lang='lat' dir='ltr'><strong>tasset</strong></span> <span class='ocrx_word' id='word_1_282' title='bbox 168 3348 223 3410; x_wconf 92' lang='lat' dir='ltr'><strong>sibi</strong></span> <span class='ocrx_word' id='word_1_283' title='bbox 238 3351 283 3428; x_wconf 84' lang='lat' dir='ltr'><strong>[et]</strong></span> <span class='ocrx_word' id='word_1_284' title='bbox 297 3349 396 3410; x_wconf 90' lang='lat' dir='ltr'><strong>lumen</strong></span> <span class='ocrx_word' id='word_1_285' title='bbox 408 3349 484 3408; x_wconf 91' lang='lat' dir='ltr'><strong>inter</strong></span> <span class='ocrx_word' id='word_1_286' title='bbox 494 3347 674 3407; x_wconf 92' lang='lat' dir='ltr'><strong>monimenta</strong></span> <span class='ocrx_word' id='word_1_287' title='bbox 688 3347 793 3407; x_wconf 88' lang='lat' dir='ltr'><strong>clarius</strong></span> <span class='ocrx_word' id='word_1_288' title='bbox 804 3348 919 3426; x_wconf 91' lang='lat' dir='ltr'><strong>fulgens</strong></span> <span class='ocrx_word' id='word_1_289' title='bbox 932 3355 961 3408; x_wconf 91' lang='grc'><strong>01</strong></span> <span class='ocrx_word' id='word_1_290' title='bbox 972 3348 1112 3426; x_wconf 89' lang='lat' dir='ltr'><strong>gemitum</strong></span> <span class='ocrx_word' id='word_1_291' title='bbox 1125 3346 1170 3408; x_wconf 95' lang='lat' dir='ltr'><strong>lu-</strong></span> 
     </span>
     <span class='ocr_line' id='line_1_36' title="bbox 62 3432 1171 3512; baseline -0.002 -18"><span class='ocrx_word' id='word_1_292' title='bbox 62 3434 157 3512; x_wconf 87' lang='lat' dir='ltr'><strong>gentis</strong></span> <span class='ocrx_word' id='word_1_293' title='bbox 173 3434 318 3505; x_wconf 92' lang='lat' dir='ltr'><strong>audisset,</strong></span> <span class='ocrx_word' id='word_1_294' title='bbox 334 3433 403 3496; x_wconf 91' lang='lat' dir='ltr'><strong>vitio</strong></span> <span class='ocrx_word' id='word_1_295' title='bbox 420 3432 513 3511; x_wconf 90' lang='lat' dir='ltr'><strong>gentis</strong></span> <span class='ocrx_word' id='word_1_296' title='bbox 529 3433 674 3492; x_wconf 88' lang='lat' dir='ltr'><strong>humanae</strong></span> <span class='ocrx_word' id='word_1_297' title='bbox 690 3432 839 3510; x_wconf 89' lang='lat' dir='ltr'><strong>concupiit</strong></span> <span class='ocrx_word' id='word_1_298' title='bbox 853 3433 938 3505; x_wconf 87' lang='lat' dir='ltr'><strong>scire,</strong></span> <span class='ocrx_word' id='word_1_299' title='bbox 953 3433 1019 3511; x_wconf 89' lang='lat' dir='ltr'><strong>quis</strong></span> <span class='ocrx_word' id='word_1_300' title='bbox 1036 3439 1086 3493; x_wconf 93' lang='lat' dir='ltr'><strong>aut</strong></span> <span class='ocrx_word' id='word_1_301' title='bbox 1102 3432 1171 3511; x_wconf 92' lang='lat' dir='ltr'><strong>quid</strong></span> 
     </span>
     <span class='ocr_line' id='line_1_37' title="bbox 60 3517 1172 3597; baseline -0.003 -16"><span class='ocrx_word' id='word_1_302' title='bbox 60 3519 178 3581; x_wconf 87' lang='lat' dir='ltr'><strong>faceret.</strong></span> <span class='ocrx_word' id='word_1_303' title='bbox 208 3519 358 3582; x_wconf 91' lang='lat' dir='ltr'><strong>descendit</strong></span> <span class='ocrx_word' id='word_1_304' title='bbox 377 3519 465 3597; x_wconf 88' lang='lat' dir='ltr'><strong>igitur</strong></span> <span class='ocrx_word' id='word_1_305' title='bbox 485 3517 516 3578; x_wconf 91' lang='lat' dir='ltr'><strong>in</strong></span> <span class='ocrx_word' id='word_1_306' title='bbox 531 3517 743 3590; x_wconf 90' lang='lat' dir='ltr'><strong>conditorium,</strong></span> <span class='ocrx_word' id='word_1_307' title='bbox 759 3518 878 3596; x_wconf 89' lang='lat' dir='ltr'><strong>visaque</strong></span> <span class='ocrx_word' id='word_1_308' title='bbox 894 3518 1087 3596; x_wconf 88' lang='lat' dir='ltr'><strong>pulcherrima</strong></span> <span class='ocrx_word' id='word_1_309' title='bbox 1104 3535 1172 3578; x_wconf 91' lang='lat' dir='ltr'><strong>mu-</strong></span> 
     </span>
     <span class='ocr_line' id='line_1_38' title="bbox 62 3602 1171 3684; baseline -0.004 -20"><span class='ocrx_word' id='word_1_310' title='bbox 62 3603 132 3665; x_wconf 91' lang='lat' dir='ltr'><strong>liere</strong></span> <span class='ocrx_word' id='word_1_311' title='bbox 146 3603 243 3684; x_wconf 89' lang='lat' dir='ltr'><strong>primo</strong></span> <span class='ocrx_word' id='word_1_312' title='bbox 260 3605 344 3684; x_wconf 91' lang='lat' dir='ltr'><strong>quasi</strong></span> <span class='ocrx_word' id='word_1_313' title='bbox 359 3604 486 3682; x_wconf 91' lang='lat' dir='ltr'><strong>quodam</strong></span> <span class='ocrx_word' id='word_1_314' title='bbox 502 3610 637 3663; x_wconf 88' lang='lat' dir='ltr'><strong>monstro</strong></span> <span class='ocrx_word' id='word_1_315' title='bbox 655 3602 834 3682; x_wconf 87' lang='lat' dir='ltr'><strong>infernisque</strong></span> <span class='ocrx_word' id='word_1_316' title='bbox 849 3602 1023 3680; x_wconf 88' lang='lat' dir='ltr'><strong>imaginibus</strong></span> <span class='ocrx_word' id='word_1_317' title='bbox 1038 3602 1171 3663; x_wconf 88' lang='lat' dir='ltr'><strong>turbatus</strong></span> 
     </span>
     <span class='ocr_line' id='line_1_39' title="bbox 63 3686 1171 3766; baseline -0.004 -16"><span class='ocrx_word' id='word_1_318' title='bbox 63 3688 203 3750; x_wconf 88' lang='lat' dir='ltr'><strong>substitit.</strong></span> <span class='ocrx_word' id='word_1_319' title='bbox 235 3690 338 3750; x_wconf 91' lang='lat' dir='ltr'><strong>deinde</strong></span> <span class='ocrx_word' id='word_1_320' title='bbox 354 3696 386 3749; x_wconf 93' lang='lat' dir='ltr'><strong>ut</strong></span> <span class='ocrx_word' id='word_1_321' title='bbox 400 3696 428 3749; x_wconf 91' lang='lat' dir='ltr'><strong>et</strong></span> <span class='ocrx_word' id='word_1_322' title='bbox 443 3706 552 3766; x_wconf 89' lang='lat' dir='ltr'><strong>corpus</strong></span> <span class='ocrx_word' id='word_1_323' title='bbox 568 3688 687 3748; x_wconf 90' lang='lat' dir='ltr'><strong>iacentis</strong></span> <span class='ocrx_word' id='word_1_324' title='bbox 704 3688 859 3766; x_wconf 86' lang='lat' dir='ltr'><strong>conspexit</strong></span> <span class='ocrx_word' id='word_1_325' title='bbox 873 3696 902 3749; x_wconf 92' lang='lat' dir='ltr'><strong>et</strong></span> <span class='ocrx_word' id='word_1_326' title='bbox 920 3687 1053 3749; x_wconf 91' lang='lat' dir='ltr'><strong>lacrimas</strong></span> <span class='ocrx_word' id='word_1_327' title='bbox 1071 3686 1171 3748; x_wconf 88' lang='lat' dir='ltr'><strong>eonsi-</strong></span> 
     </span>
     <span class='ocr_line' id='line_1_40' title="bbox 62 3770 1171 3854; baseline -0.005 -18"><span class='ocrx_word' id='word_1_328' title='bbox 62 3774 171 3836; x_wconf 88' lang='lat' dir='ltr'><strong>derarit</strong></span> <span class='ocrx_word' id='word_1_329' title='bbox 184 3774 346 3854; x_wconf 90' lang='lat' dir='ltr'><strong>faciemque</strong></span> <span class='ocrx_word' id='word_1_330' title='bbox 361 3774 508 3852; x_wconf 89' lang='lat' dir='ltr'><strong>unguibus</strong></span> <span class='ocrx_word' id='word_1_331' title='bbox 521 3782 640 3846; x_wconf 89' lang='lat' dir='ltr'><strong>sectam,</strong></span> <span class='ocrx_word' id='word_1_332' title='bbox 656 3779 736 3833; x_wconf 88' lang='lat' dir='ltr'><strong>ratus</strong></span> <span class='ocrx_word' id='word_1_333' title='bbox 751 3773 861 3834; x_wconf 91' lang='lat' dir='ltr'><strong>scilicet</strong></span> <span class='ocrx_word' id='word_1_334' title='bbox 876 3774 904 3835; x_wconf 95' lang='lat' dir='ltr'><strong>id</strong></span> <span class='ocrx_word' id='word_1_335' title='bbox 917 3774 994 3852; x_wconf 91' lang='lat' dir='ltr'><strong>quod</strong></span> <span class='ocrx_word' id='word_1_336' title='bbox 1008 3779 1076 3845; x_wconf 82' lang='lat' dir='ltr'><strong>erat,</strong></span> <span class='ocrx_word' id='word_1_337' title='bbox 1093 3770 1171 3832; x_wconf 91' lang='lat' dir='ltr'><strong>desi-</strong></span> 
     </span>
     <span class='ocr_line' id='line_1_41' title="bbox 63 3857 1172 3936; baseline -0.005 -15"><span class='ocrx_word' id='word_1_338' title='bbox 63 3859 177 3921; x_wconf 88' lang='lat' dir='ltr'><strong>derium</strong></span> <span class='ocrx_word' id='word_1_339' title='bbox 197 3859 316 3921; x_wconf 89' lang='lat' dir='ltr'><strong>extincti</strong></span> <span class='ocrx_word' id='word_1_340' title='bbox 337 3876 398 3920; x_wconf 93' lang='lat' dir='ltr'><strong>non</strong></span> <span class='ocrx_word' id='word_1_341' title='bbox 418 3877 509 3936; x_wconf 89' lang='lat' dir='ltr'><strong>posse</strong></span> <span class='ocrx_word' id='word_1_342' title='bbox 527 3857 666 3919; x_wconf 88' lang='lat' dir='ltr'><strong>feminam</strong></span> <span class='ocrx_word' id='word_1_343' title='bbox 686 3858 761 3936; x_wconf 92' lang='lat' dir='ltr'><strong>pati,</strong></span> <span class='ocrx_word' id='word_1_344' title='bbox 784 3858 886 3918; x_wconf 91' lang='lat' dir='ltr'><strong>adtulit</strong></span> <span class='ocrx_word' id='word_1_345' title='bbox 901 3858 929 3918; x_wconf 90' lang='lat' dir='ltr'><strong>in</strong></span> <span class='ocrx_word' id='word_1_346' title='bbox 946 3864 1172 3918; x_wconf 89' lang='lat' dir='ltr'><strong>monumentum</strong></span> 
     </span>
     <span class='ocr_line' id='line_1_42' title="bbox 63 3942 1171 4023; baseline -0.005 -17"><span class='ocrx_word' id='word_1_347' title='bbox 63 3945 196 4006; x_wconf 87' lang='lat' dir='ltr'><strong>cenulam</strong></span> <span class='ocrx_word' id='word_1_348' title='bbox 217 3962 301 4006; x_wconf 91' lang='lat' dir='ltr'><strong>suam</strong></span> <span class='ocrx_word' id='word_1_349' title='bbox 322 3943 475 4023; x_wconf 90' lang='lat' dir='ltr'><strong>coepitque</strong></span> <span class='ocrx_word' id='word_1_350' title='bbox 494 3943 606 4004; x_wconf 90' lang='lat' dir='ltr'><strong>hortari</strong></span> <span class='ocrx_word' id='word_1_351' title='bbox 625 3944 786 4021; x_wconf 90' lang='lat' dir='ltr'><strong>lugentem,</strong></span> <span class='ocrx_word' id='word_1_352' title='bbox 807 3961 844 4003; x_wconf 92' lang='lat' dir='ltr'><strong>ne</strong></span> <span class='ocrx_word' id='word_1_353' title='bbox 859 3949 1057 4021; x_wconf 88' lang='lat' dir='ltr'><strong>perseveraret</strong></span> <span class='ocrx_word' id='word_1_354' title='bbox 1071 3942 1101 4003; x_wconf 92' lang='lat' dir='ltr'><strong>in</strong></span> <span class='ocrx_word' id='word_1_355' title='bbox 1116 3942 1171 4001; x_wconf 91' lang='lat' dir='ltr'><strong>do-</strong></span> 
     </span>
     <span class='ocr_line' id='line_1_43' title="bbox 62 4027 1171 4110; baseline -0.004 -20"><span class='ocrx_word' id='word_1_356' title='bbox 62 4028 126 4092; x_wconf 89' lang='lat' dir='ltr'><strong>lore</strong></span> <span class='ocrx_word' id='word_1_357' title='bbox 137 4047 319 4110; x_wconf 87' lang='lat' dir='ltr'><strong>supervacuo</strong></span> <span class='ocrx_word' id='word_1_358' title='bbox 331 4049 365 4091; x_wconf 91' lang='lat' dir='ltr'><strong>ac</strong></span> <span class='ocrx_word' id='word_1_359' title='bbox 375 4027 445 4090; x_wconf 89' lang='lat' dir='ltr'><strong>nihil</strong></span> <span class='ocrx_word' id='word_1_360' title='bbox 456 4028 612 4106; x_wconf 89' lang='lat' dir='ltr'><strong>profuturo</strong></span> <span class='ocrx_word' id='word_1_361' title='bbox 625 4029 736 4106; x_wconf 84' lang='lat' dir='ltr'><strong>gemitu</strong></span> <span class='ocrx_word' id='word_1_362' title='bbox 747 4035 849 4108; x_wconf 90' lang='lat' dir='ltr'><strong>pectus</strong></span> <span class='ocrx_word' id='word_1_363' title='bbox 862 4027 1022 4089; x_wconf 91' lang='lat' dir='ltr'><strong>diduceret:</strong></span> <span class='ocrx_word' id='word_1_364' title='bbox 1040 4027 1171 4088; x_wconf 93' lang='lat' dir='ltr'><strong>omnium</strong></span> 
     </span>
     <span class='ocr_line' id='line_1_44' title="bbox 117 4127 974 4177; baseline -0.005 -4"><span class='ocrx_word' id='word_1_365' title='bbox 117 4127 218 4173; x_wconf 81' lang='lat' dir='ltr'><strong>Petronii</strong></span> <span class='ocrx_word' id='word_1_366' title='bbox 230 4127 310 4171; x_wconf 74' lang='lat' dir='ltr'><strong>satirae</strong></span> <span class='ocrx_word' id='word_1_367' title='bbox 959 4129 974 4177; x_wconf 89' lang='lat'>5</span> 
     </span>
    </p>
   </div>
   <div class='ocr_carea' id='block_1_3' title="bbox 0 0 1334 4710">
    <p class='ocr_par' dir='ltr' id='par_1_3' title="bbox 0 0 1334 4710">
     <span class='ocr_line' id='line_1_45' title="bbox 0 0 1334 4710; baseline 0 0"><span class='ocrx_word' id='word_1_368' title='bbox 0 0 1334 4710; x_wconf 95' lang='lat' dir='ltr'><strong> </strong></span> 
     </span>
    </p>
   </div>
  </div>
 </body>
</html>
