2646 4710
160 372 198 434 12
635 368 793 423 rnrnomr

156 525 255 588 fricuit
274 533 303 586 et
321 543 382 587 non
404 526 555 588 sentientis
574 525 655 586 labra
670 524 870 605 humerosque
885 526 973 606 sopiti
987 527 1148 590 ...onibus
1164 528 1275 609 pinxit.

156 612 215 673 iam
231 631 285 690 ego
300 612 387 672 etiam
402 619 446 673 tot
461 612 544 672 malis
559 611 696 688 fatigatus
712 610 866 672 minimum
880 611 964 673 veluti
980 620 1098 691 gustum
1110 615 1274 676 hauseram

159 697 271 769 somni3
294 698 370 758 idem
391 705 419 758 et
438 704 499 758 tota
520 698 595 758 intra
616 697 747 776 forisque
766 697 873 758 familia
888 697 1008 770 fecerat,
1030 706 1115 779 atque
1129 699 1177 760 alii
1193 700 1274 763 circa
1299 724 1302 729 ·

158 784 248 863 pedes
266 783 512 844 discumbentium
530 781 624 862 sparsi
639 782 784 856 iacebant,
801 782 846 842 alii
863 783 1022 861 parietibus
1038 785 1182 864 appliciti,
1203 786 1274 865 qui-

158 869 223 930 dam
245 868 274 928 in
294 869 360 947 ipso
380 869 480 929 limine
495 868 657 929 coniunctis
678 868 845 929 marcebant
864 868 1022 948 capitibus3
1041 870 1176 931 lucernae
1193 891 1273 951 quo-

159 973 215 1034 que
235 953 361 1013 humore
380 954 505 1015 defectae
524 961 613 1014 tenue
633 961 662 1015 et
681 961 843 1014 extremum
864 954 962 1014 lumen
982 956 1173 1034 spargebant:
1202 976 1273 1019 cum

159 1040 217 1100 duo
234 1038 298 1118 Syri
314 1039 464 1118 expilaturi
483 1040 652 1117 [lagoenam]
670 1039 828 1100 triclinium
843 1039 1032 1113 intraverunt,
1050 1043 1179 1121 dumque
1194 1043 1275 1105 inter

159 1132 312 1203 argentum
334 1125 444 1185 avidius
465 1126 611 1197 rixantur,
639 1125 786 1185 diductam
805 1125 955 1204 fregerunt
974 1126 1133 1205 lagoenam.
1165 1129 1275 1191 cecidit

158 1213 244 1272 etiam
261 1228 361 1270 mensa
378 1229 443 1272 cum
460 1217 591 1290 argento,
607 1216 636 1270 et
651 1209 770 1270 ancillae
782 1229 871 1289 super
882 1219 981 1272 torum
994 1213 1148 1274 marcentis
1161 1233 1274 1276 excus-

158 1315 224 1358 sum
244 1295 320 1356 forte
340 1297 424 1356 altius
445 1296 583 1376 poculum
605 1302 691 1374 caput
706 1296 808 1374 tetigit.
839 1296 874 1357 ad
889 1316 975 1377 quem
991 1297 1082 1358 ictum
1098 1298 1274 1364 exclamavit

157 1382 202 1443 illa
219 1380 384 1460 pariterque
403 1389 431 1442 et
448 1382 529 1442 fures
550 1380 680 1461 prodidit
693 1389 720 1442 et
736 1390 849 1460 partem
865 1383 1013 1444 ebriorum
1031 1382 1171 1445 excitavit.
1204 1386 1273 1466 Syri

158 1468 197 1528 illi
220 1466 268 1547 qui
290 1476 429 1528 venerant
448 1467 483 1528 ad
504 1468 659 1546 praedam,
675 1476 834 1546 postquam
852 1468 1052 1546 deprehensos
1069 1488 1101 1529 se
1116 1469 1273 1533 intellexe-

157 1560 241 1624 runt,
265 1552 373 1631 pariter
388 1553 549 1614 secundnm
565 1553 671 1613 lectum
689 1554 888 1624 conciderunt,
905 1561 937 1615 ιι
952 1561 1069 1632 putares
1084 1555 1142 1616 hoc
1158 1573 1273 1618 conve·

158 1638 248 1709 nisse,
264 1645 293 1698 et
308 1646 429 1700 stertere
443 1646 580 1718 tanquam
597 1638 665 1699 olim
682 1637 861 1700 dormientes
878 1647 1046 1719 coeperunt.

243 1722 299 1783 iam
322 1730 350 1784 ιι
367 1724 577 1785 tricliniarches
596 1733 782 1802 experrectus
802 1723 928 1784 lucernis
950 1725 1149 1788 occidentibus
1169 1727 1273 1791 oleum

158 1809 312 1881 infuderat,
325 1816 353 1869 et
364 1810 446 1889 pueri
459 1810 583 1872 detersis
595 1809 742 1889 paulisper
754 1809 847 1870 oculis
858 1810 1004 1871 redierant
1016 1813 1051 1872 ad
1059 1812 1272 1890 ministerium,

101 1894 141 1956 23
159 1914 225 1957 cum
246 1895 358 1956 intrans
380 1895 573 1975 cymbalistria
594 1901 623 1955 et
641 1913 821 1975 concrepans
842 1914 908 1955 aera
929 1915 1032 1956 omnes
1048 1897 1187 1958 excitavit.
1220 1918 1272 1959 re-

116 2021 120 2025 -
156 1983 265 2042 fectum
286 1980 374 2058 igitur
394 1989 440 2042 est
455 1981 618 2042 convivium
635 1988 664 2041 et
678 1998 780 2042 rursus
797 1980 937 2054 Quartilla
952 1983 987 2043 ad
1003 1981 1162 2043 bibendum
1179 2003 1270 2045 revo-

157 2068 239 2130 cavit.
270 2067 378 2128 adiuvit
392 2067 565 2128 hilaritatem
582 2066 769 2127 comissantis
786 2066 981 2146 cymbalistria

193 2201 197 2208 .
707 2171 727 2212 ae

241 2238 331 2299 intrat
345 2238 491 2311 cinaedus,
506 2237 597 2298 bomo
611 2237 744 2298 omnium
756 2237 970 2298 insulsissimus
983 2246 1011 2298 et
1022 2237 1106 2316 plane
1118 2238 1163 2298 illa
1176 2238 1270 2301 domo

158 2322 277 2402 dignus,
298 2325 346 2403 qui
366 2332 399 2383 ut
419 2323 549 2384 infractis
570 2321 705 2383 manibus
722 2323 902 2401 congemuit,
919 2323 1063 2384 eiusmodi
1079 2323 1207 2384 carmina
1224 2327 1271 2387 ef-

156 2408 245 2470 fudit:

305 2485 381 2554 ‘huc
394 2495 452 2554 huc
467 2493 620 2554 convenite
636 2511 727 2566 nunc,
745 2493 986 2572 spatalocinaedi‚

321 2579 421 2657 pedet
410 2579 531 2652 tendite
549 2596 668 2639 cursum
684 2580 795 2653 addite,
811 2581 945 2641 convolat
933 2586 962 2640 ιι
978 2580 1089 2659 planta,

321 2665 433 2724 femore
449 2664 540 2737 ιιιιιι,
557 2665 641 2725 clune
656 2666 721 2745 agili
736 2673 765 2726 et
779 2684 870 2727 manu
870 2684 1037 2768 procaces,

299 2749 440 2820 molles,
455 2769 489 2810 ve
491 2757 580 2823 teres,
595 2751 699 2814 Deliaci
716 2770 804 2813 manu
819 2743 921 2812 recisi?

159 2834 344 2913 consumptis
363 2834 496 2895 versibus
517 2837 578 2897 suis
601 2837 839 2898 immundissimo
860 2856 907 2896 me
923 2834 1006 2896 basio
1023 2835 1168 2915 conspuit.
1198 2855 1271 2898 mox

158 2928 187 2980 et
207 2919 421 2998 superlectum
442 2921 554 2982 venita
539 2929 624 3000 atque
643 2923 724 2983 omni
744 2921 893 2982 vrdetttexit
908 2929 1087 2981 recusantes
1117 2938 1207 2998 super
1222 2921 1270 2982 in-

158 3004 245 3082 guina
263 3023 328 3065 mea
343 3005 393 3066 diu
409 3007 482 3067 mult
470 3014 591 3104 tumque
605 3008 682 3069 trust
670 3017 715 3068 tra
730 3006 842 3067 moluit.
822 3005 1057 3083 tprossuebant
1073 3023 1126 3084 per
1140 2999 1229 3066 ιιοιιι
1209 3014 1270 3067 tem

159 3090 290 3150 sudantis
307 3091 418 3152 acaciae
434 3093 497 3165 rivi,
514 3100 542 3153 et
557 3093 633 3153 inter
648 3111 736 3169 rugas
752 3091 895 3151 malarum
911 3097 1024 3152 tantum
1041 3097 1103 3151 erat
1118 3097 1220 3160 cretae,
1237 3100 1272 3153 ut

102 3175 143 3235 24
158 3183 276 3254 putares
298 3178 393 3238 detect
381 3184 443 3238 tum
465 3178 604 3255 parietem
624 3176 726 3238 nimbo
747 3176 887 3236 laborare.
917 3193 977 3236 non
993 3175 1073 3236 tenui
1089 3194 1142 3254 ego
1159 3177 1270 3238 diutius

157 3261 301 3335 lacrimas,
319 3263 368 3323 sed
385 3263 420 3323 ad
438 3263 487 3324 ult'
468 3272 568 3339 trmam
584 3264 771 3360 perductust
773 3261 833 3321 risti
837 3261 907 3320 tiam
919 3251 1054 3339 ‘'quaeso
1070 3262 1187 3340 inquam
1200 3254 1269 3322 ‘do-

158 3346 245 3421 mina,
262 3352 338 3409 certe
353 3332 530 3410 embasicoet
518 3357 567 3410 tan
582 3350 710 3408 iusseras
726 3337 809 3406 dari³.
838 3345 996 3424 complosit
985 3346 1052 3406 tilla
1063 3347 1192 3407 tenerius
1204 3366 1270 3409 ma-

157 3440 269 3494 nuset
285 3423 335 3494 ‘c
356 3434 450 3514 inquit
469 3427 638 3495 bominem
662 3437 888 3510 aeuumque
906 3431 1080 3493 urbanitatis
1100 3433 1271 3494 vernaculae

158 3518 279 3580 fontem.
309 3519 429 3599 quid?t
430 3538 521 3580 unon
533 3518 725 3592 intellexeras,
742 3516 893 3576 cinaedum
907 3516 1085 3578 embasicoet
1074 3525 1123 3578 tan
1135 3510 1270 3579 vocar'i‘l

158 3605 263 3666 deinde
282 3625 319 3665 ne
339 3614 408 3667 cont
397 3603 539 3666 tubernali
555 3621 621 3662 meo
638 3602 741 3662 melius
758 3594 957 3674 succederet‘
965 3622 1046 3731 per
1033 3594 1156 3705 lidem''
1146 3622 1270 3706 mquam

154 3679 312 3762 ‘,restram
310 3688 466 3792 Ascyltos
486 3688 516 3747 in
537 3688 595 3747 hoc
613 3687 738 3748 triclinio
761 3687 842 3747 solus
862 3687 948 3748 ferias
969 3685 1046 3767 agit?
1087 3679 1156 3749 ‘'ita
1176 3689 1272 3768 inquit

160 3767 320 3847 Quartilla‘
327 3782 355 3833 ιι
370 3772 486 3850 Ascylto
455 3771 686 3832 tembasicoet
674 3779 718 3833 tas
740 3764 845 3833 detur'.
876 3773 911 3833 ab
932 3773 987 3833 hac
1006 3792 1077 3834 voce
1098 3792 1205 3851 equum
1228 3778 1270 3838 ci-

158 3858 269 3920 nacdus
290 3865 352 3918 mut
354 3857 411 3916 avit
429 3856 613 3935 transituque
633 3858 668 3917 ad
689 3857 826 3918 comitem
842 3877 940 3918 meum
956 3859 1032 3919 facto
1050 3857 1184 3919 clunibus
1201 3878 1270 3924 eum

158 3944 304 4022 basiisque
324 3941 458 4002 distrivit.
492 3942 613 4002 stabat
573 3949 649 4002 rtnt
650 3961 682 4002 er
637 3942 772 4003 tbaec
791 3941 927 4004 Gitonet
915 3945 1008 4005 trisu
1031 3943 1208 4004 dissolvebat
1196 3946 1271 4009 tilia

159 4046 221 4089 sua,
246 4028 341 4105 itaque
364 4026 532 4105 conspicata
552 4046 619 4088 eum
638 4027 791 4100 Quartilla,
817 4029 899 4089 cuius
914 4036 992 4089 esset
1006 4046 1091 4106 puer,
1107 4027 1271 4108 diligentis-

1149 4454 1249 4575 Ἃ.
1283 4488 1314 4587 ι
