2646 4710
170 346 210 408 14
640 315 797 397 rnrnorvn
844 410 846 415 Α

163 488 268 578 ‘quid‘l
282 489 349 559 ros'
363 498 458 578 inquit
468 491 607 574 ‘nescitis
622 499 710 562 hodie
726 500 803 579 apud
815 517 902 579 quem
914 496 985 561 fiat?
1008 497 1195 571 Trimalchio,
1211 496 1280 560 lau-

166 584 301 646 tissimus
316 585 421 658 homo,
442 585 631 665 horologium
653 585 684 647 in
699 585 825 647 triclinio
841 593 870 647 et
883 586 1082 648 bucinatorem
1098 584 1187 646 habet
1202 583 1279 646 sub-

168 678 319 746 ornatum,
340 678 373 733 ut
392 671 514 733 subinde
534 672 606 733 sciat
625 678 768 751 quantum
790 671 825 732 de
840 672 899 733 vita
914 661 1091 752 perdiderit.³
1121 669 1280 733 amicimur

167 775 236 836 ergo
253 757 404 837 diligenter
419 756 499 819 obliti
515 758 648 819 omnium
663 758 823 832 malorum,
839 766 868 819 et
883 759 989 820 Gitona
1004 756 1196 820 libentissime
1210 775 1280 818 ser·

109 839 150 901 27
165 843 220 904 vile
240 843 370 905 officium
390 849 521 905 tuentem
536 862 630 924 usque
645 845 702 906 hoc
717 843 850 907 iubemus
865 844 896 905 in
911 845 1015 907 balneo
1032 843 1123 924 sequi.
1153 860 1212 904 nos
1228 842 1278 905 in·

163 929 250 991 terim
265 928 362 991 vestiti
375 946 473 991 errare
488 930 638 1011 coepimus

249 1099 342 1160 immo
358 1099 449 1161 iocari
464 1100 558 1179 magis
574 1107 603 1161 et
618 1099 733 1162 circulis
748 1100 900 1161 ludentum
917 1101 1066 1173 accedere,
1090 1117 1157 1161 cum
1174 1100 1276 1164 subito
1312 1130 1316 1139 ·

164 1183 297 1246 videmus
313 1202 415 1246 senem
431 1186 558 1260 calvum,
580 1186 677 1247 tunica
694 1185 830 1247 vestitum
850 1205 969 1262 russea,
993 1186 1070 1248 inter
1092 1203 1203 1266 pueros
1226 1204 1277 1250 ca·

164 1270 280 1350 pillatos
299 1271 446 1332 ludentem
469 1271 535 1350 pila.
564 1289 619 1333 nec
637 1278 698 1333 tam
714 1271 797 1350 pueri
811 1289 878 1346 nos,
896 1291 1073 1352 quamquam
1089 1278 1151 1333 erat
1165 1291 1277 1352 operae

164 1357 306 1436 pretium,
328 1356 364 1418 ad
383 1357 581 1434 spectaculum
602 1357 757 1431 duxerant,
779 1376 866 1436 quam
886 1358 950 1439 ipse
970 1367 1053 1439 pater
1065 1357 1206 1430 familiae,
1224 1358 1277 1439 qui

165 1442 292 1504 soleatus
307 1441 364 1520 pila
384 1442 503 1521 prasina
519 1443 715 1505 exercebatur.
745 1461 801 1504 nec
815 1445 941 1523 amplius
957 1463 1020 1505 eam
1036 1443 1185 1523 repetebat
1198 1463 1277 1524 qnae

163 1533 271 1590 terram
288 1527 461 1606 contigerat,
482 1529 533 1589 sed
547 1529 646 1590 follem
661 1529 780 1608 plenum
797 1529 922 1590 habebat
936 1549 1037 1590 servus
1054 1528 1277 1610 sufficiebatque

163 1612 339 1674 ludentibus.
369 1613 534 1675 notavimus
557 1615 642 1676 etiam
664 1633 710 1676 res
727 1633 828 1675 novas.
859 1632 926 1675 nam
943 1614 1002 1675 duo
1018 1615 1165 1694 spadones
1181 1615 1211 1675 iu
1228 1615 1276 1676 di·

164 1717 248 1760 versa
266 1705 348 1778 parte
369 1697 468 1762 circuli
489 1701 617 1774 stabant,
639 1719 764 1780 quorum
786 1701 856 1760 alter
876 1700 1020 1762 matellam
1035 1699 1152 1761 tenebat
1167 1718 1274 1780 argen-

163 1790 251 1858 team,
266 1785 338 1845 alter
352 1785 524 1847 numerabat
538 1786 621 1866 pilas,
638 1804 698 1847 non
714 1785 832 1864 quidem
848 1804 897 1846 eas
914 1804 986 1865 quae
997 1785 1074 1846 inter
1085 1803 1192 1847 manus
1204 1786 1276 1849 lusu

60 1865 64 1871 ’
163 1869 325 1950 expellente
344 1869 508 1946 vibrabant,
527 1873 580 1934 sed
600 1891 649 1933 eas
665 1871 783 1950 quaein
799 1879 905 1932 terram
922 1871 1103 1933 decidebant.
1134 1890 1201 1932 eum
1217 1872 1274 1934 has

163 1973 232 2034 ergo
259 1956 435 2018 miraremur
463 1957 589 2020 lautitias
622 1957 746 2018 accurrit
775 1956 923 2018 Menelaus
955 1965 984 2018 et
1005 1950 1070 2018 ‘hic
1094 1948 1150 2017 est'
1176 1956 1275 2037 iuquit

159 2034 250 2122 ‘apud
265 2061 353 2121 quem
369 2044 498 2105 cubitum
514 2044 641 2122 ponetis,
659 2051 687 2104 et
701 2042 818 2121 quidem
834 2042 890 2103 iarn
904 2043 1078 2122 principium
1092 2061 1178 2104 cenae
1190 2042 1275 2105 vide-

162 2118 225 2190 tis'.
256 2135 285 2189 et
309 2128 367 2189 iam
394 2147 455 2191 non
483 2128 657 2208 loquebatur
681 2128 827 2189 Menelaus
856 2148 921 2190 cnm
952 2129 1127 2190 Trimalchio
1162 2127 1273 2206 digitos

164 2213 347 2294 concrepuit,
363 2216 399 2277 ad
416 2215 495 2294 quod
511 2215 627 2293 signum
643 2214 788 2275 matellam
804 2215 896 2294 spado
913 2215 1022 2275 ludenti
1038 2213 1168 2274 subiecit.
1199 2231 1273 2275 exo·
1302 2258 1305 2264 -

162 2307 262 2361 nerata
280 2299 326 2360 ille
347 2301 441 2361 vesica
461 2317 565 2379 aquam
587 2299 725 2378 poposcit
744 2301 780 2362 ad
800 2319 919 2375 manns,
939 2300 1102 2378 digitosque
1118 2297 1272 2378 paululum

163 2384 323 2466 adspersos
338 2385 369 2446 iu
384 2385 476 2466 capite
491 2385 575 2464 pueri
590 2384 674 2446 tersit

106 2557 146 2619 28
247 2555 367 2635 longum
388 2563 450 2617 erat
470 2555 581 2634 singula
603 2555 744 2637 excipere.
775 2556 872 2636 itaque
887 2554 1058 2626 intravimus
1074 2555 1225 2628 balneum,
1242 2564 1274 2618 et

162 2641 272 2703 sudore
292 2640 403 2702 calfacti
423 2649 574 2702 momento
595 2643 737 2720 temporis
758 2643 792 2702 ad
813 2641 947 2720 frigidam
964 2641 1087 2702 eximus
1123 2641 1179 2702 iam
1201 2641 1272 2702 Tri-

162 2727 286 2789 malchio
307 2732 456 2806 unguento
477 2727 615 2806 perfusus
637 2728 816 2807 tergebatur,
837 2745 899 2789 non
918 2727 1030 2800 linteis,
1052 2726 1104 2788 sed
1125 2725 1219 2805 palliis
1236 2747 1273 2788 ex

161 2814 227 2875 lana
242 2812 415 2874 mollissima
429 2812 523 2874 factis.
553 2821 613 2874 tres
626 2811 740 2875 interim
753 2813 912 2893 iatraliptae
923 2813 952 2873 in
966 2819 1125 2890 conspectu
1138 2811 1199 2872 eius
1212 2812 1271 2872 Fa-

160 2898 275 2959 lcmum
290 2897 447 2978 potabant,
470 2906 585 2960 etcum
605 2898 767 2978 plurimum
788 2898 913 2959 rixantes
930 2897 1122 2970 effunderent,
1144 2896 1271 2958 Trimal-

161 2985 227 3046 chio
247 2985 305 3045 hoe
325 3001 411 3045 suum
427 2984 603 3064 propinasse
618 2983 739 3043 dicebat.
773 2982 842 3043 hine
855 2980 1003 3042 involutus
1025 2981 1140 3042 coccina
1161 2999 1270 3060 gausa—

160 3089 197 3150 pa
217 3068 334 3131 lecticae
353 3068 511 3149 impositus
532 3075 578 3130 est
598 3067 837 3147 praecedentibus
856 3067 982 3128 faleratis
998 3065 1167 3128 cursoribus
1184 3076 1282 3148 quat.

102 3194 105 3199 -
160 3164 229 3217 tuor
244 3163 273 3218 et
287 3155 479 3228 chiramaxio,
500 3156 531 3215 in
551 3172 609 3234 quo
629 3153 745 3215 deliciae
765 3153 826 3215 eius
842 3153 1035 3226 vehebantur,
1055 3171 1129 3231 puer
1143 3154 1269 3228 vetulus,

160 3239 274 3322 lippus,
294 3240 415 3303 domiuo
432 3240 646 3302 Trimalchione
662 3238 832 3301 deformior.
863 3258 930 3300 curn
946 3256 1017 3316 ergo
1033 3239 1211 3312 auferretur,
1233 3241 1270 3301 ad

161 3336 248 3408 caput
267 3327 330 3389 eius
352 3326 581 3407 symphoniacus
601 3345 668 3387 cum
690 3325 818 3386 minimis
837 3323 917 3385 tibiis
938 3324 1060 3385 accessit
1078 3331 1106 3385 et
1118 3331 1269 3404 tamquam

160 3412 306 3476 inaurem
323 3412 430 3493 aliquid
446 3420 558 3474 secreto
574 3412 692 3485 diceret,
708 3418 769 3472 toto
786 3411 890 3471 itincre
906 3409 1037 3470 cenuvit.

139 3556 141 3560 ,
247 3498 400 3579 sequimur
419 3517 475 3560 nos
492 3497 683 3559 admiratione
697 3496 754 3557 iam
771 3495 862 3557 saturi
877 3501 906 3555 et
921 3513 988 3555 cum
1004 3497 1222 3573 Agamemnone
1233 3496 1270 3556 ad

161 3585 278 3648 ianuam
298 3585 498 3666 pervenimus,
522 3584 553 3644 in
575 3582 656 3644 cuius
677 3589 762 3661 poste
781 3581 896 3641 libellus
918 3587 980 3641 erat
1002 3599 1068 3641 cum
1091 3581 1147 3641 hac
1161 3581 1270 3642 inseri·

161 3671 262 3752 ptione
278 3672 367 3733 fixus:
380 3664 528 3750 ‘quisquis
544 3688 645 3730 servus
661 3668 724 3729 sine
738 3666 886 3728 dominico
902 3666 986 3727 iussu
999 3666 1078 3726 foras
1094 3665 1203 3741 exierit,
1220 3685 1269 3727 ac-

162 3756 249 3837 cipiet
268 3757 366 3836 plagas
391 3739 576 3835 centum'ffln
597 3754 677 3816 aditu
697 3760 792 3814 autem
813 3754 879 3830 ipso
901 3751 995 3812 stabat
1015 3752 1159 3833 ostiarius¹
1172 3752 1269 3830 prasi-

58 3893 66 3942 t
161 3848 261 3916 natus,
282 3841 414 3903 cerasino
435 3840 600 3902 succinctus
622 3840 750 3918 cingulo,
773 3844 858 3917 atque
878 3837 907 3897 in
922 3839 1003 3898 lance
1018 3845 1153 3918 argentea
1169 3837 1270 3916 pisum

58 3945 63 3995 t
162 3927 312 4009 purgabat.
336 3946 426 4006 super
439 3927 529 3988 limen
544 3932 641 3987 autem
656 3943 739 3986 cavea
753 3923 898 4003 pendebat
913 3943 1006 3997 aurea,
1022 3923 1051 3983 iu
1068 3941 1122 4002 qua
1139 3922 1202 4000 pica
1217 3941 1270 3984 va-

58 4003 64 4087 ἶ
104 4019 145 4082 29
161 4014 204 4076 ria
220 4015 363 4077 intrantes
378 4012 531 4075 salutabat.
563 4018 690 4074 ceterum
706 4028 760 4090 ego
777 4009 848 4072 dum
864 4010 960 4072 omnia
977 4017 1095 4088 stupeo,
1111 4025 1205 4087 paene
1219 4027 1269 4071 re·
