2646 4710
175 378 215 439 44
651 376 806 428 rnuuonu

175 548 230 591 nec
249 531 395 593 silentium
414 531 511 592 noctis
534 531 591 592 iam
607 531 718 592 mediae
734 531 923 609 promittebat
938 533 1155 594 occurrentium
1170 533 1283 596 lumen.

175 618 330 679 accedebat
349 618 407 678 huc
426 615 550 678 ebrietas
571 625 598 677 et
618 617 812 699 imprudentia
828 618 966 700 locorum
982 618 1068 679 etiam
1084 619 1213 681 interdiu
1229 619 1282 681 ob·

176 722 270 764 scura.
301 704 396 782 itaque
419 723 484 765 cum
505 704 577 764 hora
593 722 684 781 paene
699 710 759 764 tota
775 721 827 782 per
839 721 942 764 omnes
958 723 1083 782 scrupos
1100 711 1283 785 gastrarum-

176 807 231 867 que
246 789 435 849 eminentium
451 791 612 867 fragmenta
627 789 818 850 traxissemus
835 797 972 850 cruentos
985 790 1083 868 pedes,
1099 791 1222 851 tandem
1232 810 1283 852 ex·

173 875 263 953 pliciti
276 875 408 934 acumine
417 874 531 935 Gitonis
543 892 655 936 sumus.
670 875 800 952 prudens
813 875 889 935 enim
905 876 1026 953 [pridieh
1040 894 1105 935 cum
1118 876 1183 937 luce
1196 875 1282 938 etiam

175 961 250 1020 clara
270 961 387 1020 timeret
409 979 554 1032 errorem,
576 977 678 1018 omnes
695 961 771 1057 pilas
793 958 1003 1039 columnasque
1024 978 1063 1020 no
1066 968 1177 1023 taverat
1197 970 1283 1036 creta,

175 1064 248 1124 quae
269 1045 434 1106 liniamenta
449 1045 598 1105 evicerunt
613 1045 826 1124 spississimam
842 1052 958 1106 noctem
975 1052 1004 1106 ιι
991 1046 1138 1107 tuotahili
1154 1047 1283 1109 candore

175 1131 366 1192 ostenderunt
378 1139 476 1190 errant
465 1130 580 1191 tibus
556 1150 640 1191 vram.
664 1129 794 1209 quamvis
807 1148 868 1190 non
881 1131 978 1191 minus
992 1131 1111 1192 sudoris
1123 1123 1282 1194 habuimus

174 1217 260 1278 etiam
276 1224 432 1294 postquam
450 1216 486 1277 ad
503 1215 648 1277 stabulum
665 1217 860 1296 pervenimus.
892 1235 965 1277 anus
979 1218 1054 1277 enim
1068 1218 1130 1297 ipsa
1142 1218 1186 1279 int
1187 1236 1219 1278 er
1173 1219 1283 1280 tdc-

174 1303 331 1363 versitores
349 1302 457 1363 diutius
473 1302 647 1380 ingurgitata
662 1320 699 1362 ne
714 1301 810 1379 iguem
828 1302 946 1379 quidem
962 1302 1113 1363 admotum
1129 1304 1282 1365 sensisset

175 1396 205 1449 et
218 1387 342 1448 forsitan
358 1394 615 1467 pernoctassemus
638 1388 667 1448 in
689 1387 801 1460 limine,
823 1388 853 1447 ni
874 1387 1039 1448 tabellarius
1056 1387 1282 1450 Trimalchionis

174 1473 445 1534 intervenisset...
461 1473 598 1533 vehiculis
621 1473 710 1533 dives.
740 1491 802 1532 non
819 1472 868 1533 diu
884 1492 951 1552 ergo
968 1474 1160 1535 tumultuatus
1176 1475 1283 1536 stabuli

174 1561 290 1620 ianuam
307 1560 418 1637 effregit
433 1567 462 1620 et
476 1577 532 1618 nos
548 1577 601 1636 per
616 1558 738 1619 eandem
755 1604 761 1618 .
776 1603 782 1619 .
796 1604 803 1618 .
819 1565 925 1619 terram
942 1558 1059 1619 admisit

718 1656 738 1695 a

418 1729 510 1807 qualis
526 1746 584 1789 nox
599 1729 654 1789 luit
668 1728 727 1798 illa,
744 1728 772 1788 di
788 1729 928 1807 deaeque,

418 1834 505 1894 quam
520 1814 619 1875 mollis
635 1821 728 1874 torus.
759 1814 906 1875 haesimus
924 1813 1048 1875 calentes

418 1908 447 1961 et
461 1901 674 1963 transfudimus
691 1900 760 1960 hinc
775 1907 803 1960 et
818 1900 887 1960 binc
900 1900 1008 1961 labellis

419 1993 549 2047 errantes
565 1987 686 2048 animas.
717 1985 915 2057 valete,curae

418 2073 559 2133 mortalis.
590 2091 644 2151 ogo
661 2071 704 2132 sic
718 2071 814 2150 perire
830 2071 921 2150 coepi.

175 2157 239 2218 sine
255 2176 357 2218 caussa
369 2157 499 2234 gratulor
511 2159 591 2219 mihi.
614 2176 680 2218 nam
693 2175 759 2217 cum
773 2157 886 2218 solutus
898 2174 981 2216 mero
993 2155 1173 2217 remisissem
1186 2155 1281 2217 ebrias

174 2260 289 2314 uranus,
305 2243 446 2320 Ascyltos,
463 2244 559 2302 omnis
575 2242 696 2303 iniuriae
711 2242 854 2312 inventor,
871 2241 1008 2302 subduxit
1022 2241 1093 2302 milri
1108 2250 1195 2303 nocte
1207 2260 1280 2320 pue-

174 2346 240 2388 rum
260 2336 288 2388 et
307 2329 337 2388 in
358 2329 464 2387 lectum
480 2329 626 2389 transtulit
641 2345 737 2399 suum,
752 2327 957 2405 volutatusque
973 2326 1093 2388 liberius
1110 2328 1282 2389 cumfratre

175 2431 236 2475 non
256 2432 325 2485 suc,
346 2413 406 2474 sive
426 2430 487 2472 non
508 2414 651 2474 sentiente
671 2413 806 2472 iniuriam
823 2412 883 2473 sive
899 2412 1115 2486 dissimulante,
1134 2413 1289 2474 indormi-·

174 2500 214 2559 vit
234 2499 334 2559 alienis
356 2498 536 2577 amplexibus
560 2499 666 2560 oblitus
688 2497 759 2558 iuris
778 2498 907 2560 humani.
939 2499 1035 2577 itaque
1055 2516 1108 2577 ego
1128 2505 1163 2559 ut
1176 2515 1280 2577 exper-

84 2656 87 2662 .
174 2592 271 2646 rectus
283 2585 455 2663 pertractavi
467 2585 571 2664 gaudio
585 2585 778 2664 despoliatum
791 2592 891 2645 torum
902 2628 977 2645 .....
992 2583 1016 2644 si
1029 2591 1143 2662 quaest
1155 2584 1280 2646 amanti-

174 2672 229 2732 bus
245 2671 327 2742 tides,
347 2672 419 2748 [ego]
438 2670 572 2743 dubitavi,
590 2690 625 2731 an
640 2677 816 2748 utrunquet
817 2670 955 2730 raicerem
972 2670 1065 2749 gladio
1082 2687 1280 2748 somnumque

176 2756 264 2817 morti
283 2757 442 2852 iungerem.
472 2756 563 2817 tutius
583 2757 700 2817 demum
722 2763 803 2816 secut
804 2774 838 2816 us
791 2755 1014 2815 tconsilium
1036 2755 1084 2815 (ιιι
1072 2762 1141 2815 tona
1162 2755 1280 2857 quidem

173 2840 344 2901 verberibus
365 2841 496 2912 excitavi,
514 2842 657 2920 Ascylton
677 2841 866 2901 autemtruri
887 2840 1003 2900 intuens
1023 2830 1129 2900 vultu‘
1132 2831 1280 2918 quoniam'

173 2926 294 3020 inquam
311 2915 410 2984 ‘sidem
432 2925 539 2985 scelere
561 2926 730 2987 violastit
653 2932 730 2986 ιιι
749 2942 936 2986 communem
957 2924 1126 3025 amicitiam,
1146 2943 1194 2986 res
1215 2932 1279 2987 tuas

174 3011 282 3072 ociust
270 3010 339 3069 olle
354 3017 383 3070 et
397 3010 484 3070 ahum
499 3009 612 3081 locum
628 3028 713 3088 quem
729 3009 858 3106 polluas,
876 2999 1001 3088 quaere.J
1030 3026 1092 3068 non
1099 3011 1281 3113 repuonavu

174 3096 230 3168 ille,
248 3095 298 3155 sed
314 3102 471 3174 postquam
488 3101 540 3173 opt
541 3095 597 3155 ima
613 3095 668 3155 lide
684 3101 781 3190 partrtr
737 3094 948 3155 trtimanubias
965 3112 1082 3165 sumus,
1099 3085 1170 3172 ‘age
1187 3097 1280 3177 inquit

119 3171 181 3246 80
189 3197 268 3242 nunc
287 3187 316 3241 et
336 3199 459 3259 puerum
480 3171 658 3241 dividamus?
689 3179 1159 3280 iocariputabamdiscedentem
1191 3181 1280 3244 atille

176 3267 302 3347 gladium
318 3265 480 3344 parricidali
496 3284 585 3326 manu
601 3265 718 3327 strinxit
732 3254 844 3325 et‘uon
854 3255 1151 3344 frueris'inquit‘hac
1162 3268 1280 3345 praeda,

175 3372 264 3431 super
280 3371 366 3430 quam
383 3351 464 3412 solus
480 3351 634 3413 incumbis.
657 3357 768 3429 partem
784 3368 879 3411 meam
895 3369 1014 3411 necesse
1030 3358 1075 3411 est
1063 3351 1129 3411 tvel
1145 3351 1204 3412 hoc
1219 3353 1280 3429 gla-

174 3438 221 3499 dio
239 3443 391 3516 contempt
392 3455 427 3498 us
379 3426 633 3498 tabscindam’
655 3434 731 3496 idem
749 3454 801 3514 ego
818 3455 852 3496 ιιι
867 3436 905 3497 ιιι
893 3442 954 3498 ιιιι
970 3443 1051 3516 parte
1022 3436 1118 3498 tefeci
1130 3445 1158 3496 et
1169 3437 1279 3499 intorto

173 3524 249 3584 circa
264 3522 414 3584 brachium
431 3522 516 3601 pallio
532 3539 687 3597 composui
679 3521 736 3581 ad
749 3520 1282 3601 proeliandum,0raoum.'1mthaneer

173 3609 350 3669 miserorum
367 3605 541 3669 dementiam
556 3604 773 3667 infelicissimus
789 3625 863 3685 puer
874 3608 1011 3686 tangebat
1022 3607 1174 3686 utriusque
1186 3626 1280 3686 genua

174 3713 240 3754 cum
256 3694 305 3753 liet
293 3701 326 3753 tu
340 3699 389 3771 pet
377 3692 454 3752 tebet
443 3699 511 3769 tque
527 3691 706 3770 suppliciter,
723 3692 945 3753 neThebanum
960 3711 1015 3771 par
1028 3693 1147 3753 humilis
1159 3693 1289 3756 taberna

175 3785 334 3859 spectaret,
356 3795 430 3838 neve
445 3777 587 3874 sanquine
602 3784 705 3879 mntuo
720 3777 918 3880 pollueremus
933 3778 1108 3839 familiaritat
1067 3778 1134 3838 tatis
1151 3777 1280 3840 clarissi-

175 3883 238 3924 mae
259 3881 351 3923 sacra
378 3854 512 3943 quod
489 3871 630 3942 srurqua
634 3855 856 3959 ’prtoclamaba
845 3855 1012 3924 facinore
1027 3883 1102 3943 opus
1119 3870 1177 3935 est
1198 3866 1280 3927 nudo

174 3969 239 4010 ecce
260 3948 404 4026 iugulum,
433 3949 592 4009 convertite
610 3948 667 4009 huc
693 3965 813 4020 manus,
841 3948 1000 4051 imprimite
1020 3964 1189 4010 mucrones.
1225 3968 1279 4028 ego

175 4054 251 4096 mon
244 4034 368 4111 debeo,
385 4034 435 4114 qui
450 4033 592 4096 amicitiae
606 4043 821 4095 sacramentum
837 4025 945 4095 delevi?
974 4032 1155 4094 inhibuimus
1166 4033 1280 4096 ferrum
