2646 4710
169 355 210 417 ῃ
646 348 804 403 rnrnoun

167 508 271 572 rimus.
309 506 359 568 ille
383 505 485 578 babet,
511 505 590 585 quod
617 504 672 566 sibi
696 503 872 567 debebatur:
897 503 1023 564 honeste
1042 499 1126 574 vixit,
1156 501 1287 565 honeste

169 593 250 655 obiit.
281 591 351 672 qnid
376 591 464 652 habet
490 592 569 670 quod
596 588 756 670 queratur?
778 589 814 651 ab
840 607 907 651 asse
933 588 1021 650 crevit
1046 595 1075 648 et
1089 594 1215 666 paratus
1230 589 1287 650 init

168 679 362 758 quadrantem
392 676 429 737 de
458 683 588 736 stercore
613 676 763 738 mordicus
788 675 900 736 tollere.
943 674 1040 752 itaque
1065 672 1167 747 crevit,
1196 675 1285 753 quid-

169 764 241 844 quid
256 762 356 838 orarit,
370 768 521 844 tamquam
532 760 626 821 favus.
651 769 725 840 puto
737 759 918 821 mehercules
930 758 1011 820 illum
1023 757 1177 837 reliquisse
1189 760 1284 822 solida

169 855 296 920 eentum,
312 853 342 908 ot
356 846 455 906 omnia
467 845 497 906 in
509 844 639 907 nummis
652 845 761 907 babuit
791 847 828 906 de
841 864 872 905 rc
883 852 980 908 umen
993 862 1046 922 ego
1058 862 1161 904 verum
1176 845 1283 920 dicam,
1319 875 1321 879 ⁴

169 933 219 1012 qui
234 933 364 1011 linguam
381 930 513 991 caninam
529 931 656 992 comedi:
673 930 762 992 durae
776 931 883 993 buccae
897 930 966 1004 fuit,
979 929 1147 1007 linguosus,
1165 929 1282 992 discor-

168 1018 235 1089 dia,
250 1034 312 1078 non
327 1016 429 1077 homo.
458 1016 548 1078 frater
566 1016 630 1077 eius
644 1015 730 1077 fortis
745 1015 808 1090 fuit,
824 1015 935 1076 amiens
951 1015 1059 1089 amico,
1078 1032 1169 1075 manu
1185 1023 1283 1091 uncta

168 1103 255 1182 plene
274 1119 385 1162 mensa.
416 1107 445 1161 et
464 1101 540 1162 inter
558 1100 640 1162 initia
660 1101 766 1162 malam
785 1118 902 1179 parram
917 1100 1023 1179 pilarit.
1054 1099 1104 1161 scd
1119 1102 1283 1163 recorrexit

168 1195 265 1249 metas
283 1187 359 1248 ilius
379 1185 476 1265 prima
494 1185 653 1260 vindemia3
673 1186 804 1247 vendidit
820 1185 898 1247 enirn
913 1186 1012 1246 vinnm
1029 1185 1129 1263 quanti
1144 1185 1211 1264 ipse
1227 1205 1282 1250 ro-

112 1268 115 1273 ’
168 1273 230 1334 luit.
259 1279 290 1332 et
309 1271 387 1351 qnod
409 1271 485 1333 illius
505 1279 638 1332 mentum
660 1271 791 1344 sustulit,
814 1270 1002 1332 hereditatem
1023 1270 1144 1349 accepit,
1167 1290 1203 1332 ex
1224 1291 1281 1352 qua

132 1418 134 1423 .
168 1358 234 1436 plus
249 1356 399 1428 involavit,
422 1375 511 1436 quam
531 1356 569 1417 illi
590 1356 721 1422 relictum
743 1363 797 1417 est
826 1363 855 1418 et
869 1356 916 1416 ille
931 1356 1021 1434 stips,
1038 1355 1107 1416 dnm
1122 1355 1208 1417 fratri
1224 1376 1280 1419 suo

167 1442 314 1517 irascitur,
333 1442 434 1503 nescio
455 1441 501 1501 oui
519 1448 616 1503 terrae
633 1441 692 1501 filio
708 1441 919 1521 patrimonium
935 1440 1064 1519 elegavit.
1093 1440 1179 1519 longe
1193 1441 1281 1522 fingit,

168 1528 303 1607 quisquis
316 1546 387 1588 snos
402 1525 484 1604 fugit
509 1526 615 1594 ,babuit
629 1533 725 1587 autem
741 1527 913 1588 oricularios
925 1545 1036 1598 servos,
1053 1526 1101 1605 qui
1113 1526 1195 1586 illurn
1209 1547 1280 1607 pes·

168 1631 235 1678 sum
256 1612 408 1674 dederunt.
450 1628 601 1690 nunquam
622 1618 719 1672 autem
738 1619 817 1672 recte
830 1611 928 1684 faciet,
947 1612 996 1690 qni
1012 1613 1069 1672 cito
1093 1611 1200 1686 credit,
1220 1614 1280 1675 uti·

167 1714 224 1776 que
241 1698 332 1758 homo
352 1695 515 1776 negotians.
546 1703 645 1758 tamen
665 1715 766 1757 verum
781 1697 860 1776 quod
880 1696 1009 1758 frunitus
1031 1704 1089 1769 est,
1118 1713 1208 1776 quarn
1228 1699 1280 1761 diu

132 1796 134 1800 ’
166 1782 237 1843 ririt
248 1827 339 1843 .....
351 1781 397 1843 (ari
417 1781 517 1843 datum
538 1789 596 1855 est,
616 1799 679 1842 non
695 1781 741 1842 cui
757 1782 945 1843 destinatum.
977 1782 1062 1861 plane
1081 1782 1220 1845 fortunas
1243 1784 1280 1846 d

166 1866 237 1942 lius,
257 1868 289 1928 in
307 1885 396 1928 manu
415 1866 492 1927 illins
513 1866 666 1945 plumbum
688 1885 791 1928 aurum
811 1868 905 1928 fiebat.
935 1867 1018 1928 facile
1037 1875 1082 1928 est
1096 1874 1209 1941 autern,
1229 1869 1280 1932 ubi

168 1952 268 2013 omnia
283 1953 422 2033 quadrata
438 1958 569 2013 currunt.
601 1958 629 2013 et
644 1959 716 2031 quot
730 1960 815 2032 putas
830 1953 910 2015 illum
926 1971 1020 2014 annos
1036 1971 1136 2015 secum
1151 1953 1279 2017 tulisse?

168 2037 351 2118 septuaginta
366 2046 395 2099 et
410 2055 509 2116 supra.
539 2037 592 2098 sed
605 2038 760 2099 corneolus
775 2038 844 2111 fuit,
860 2045 980 2100 aetatem
997 2039 1071 2098 bene
1084 2039 1209 2112 ferebat,
1231 2042 1280 2103 ni·

168 2141 219 2202 ger
242 2131 381 2202 tanquam
403 2141 517 2184 corvus.
559 2141 698 2184 noveram
718 2125 870 2185 hominem
891 2125 961 2184 olim
982 2124 1108 2184 oliorum
1134 2131 1163 2185 et
1181 2126 1280 2188 adhuc

167 2209 246 2268 salax
261 2215 331 2279 crat.
361 2224 423 2268 non
443 2208 625 2269 mehercules
645 2210 726 2270 illurn
745 2216 818 2288 puto
838 2210 869 2270 in
889 2208 979 2269 domo
995 2226 1097 2270 canem
1113 2209 1279 2289 reliquisse.

167 2293 260 2354 immo
281 2293 368 2354 edam
382 2293 539 2373 puellarius
554 2303 628 2366 erat,
648 2294 747 2356 omnis
761 2294 908 2355 minervae
922 2294 1024 2355 bomo.
1054 2313 1108 2355 neo
1122 2293 1279 2374 improlem

168 2378 226 2439 hoc
240 2378 337 2440 solum
352 2378 430 2439 enim
439 2397 546 2452 ‚secum
560 2371 645 2441 tulit’

111 2455 152 2515 44
252 2464 324 2525 haee
332 2464 467 2525 Phileros
482 2464 561 2536 dixit,
578 2465 623 2526 illa
635 2463 829 2544 Ganymedes:
839 2453 975 2525 ‘narratis
992 2465 1071 2542 quod
1086 2483 1142 2526 nec
1157 2465 1193 2526 ad
1210 2485 1279 2529 eae-

168 2547 229 2609 lum
244 2566 299 2610 neo
313 2549 348 2611 ad
363 2556 471 2611 terram
487 2551 623 2629 pertinet,
639 2569 704 2610 cum
721 2548 838 2609 interim
853 2568 941 2610 nemo
958 2559 1053 2624 curat,
1075 2551 1143 2630 quid
1159 2569 1279 2616 annona

47 2652 50 2657 ·
169 2634 293 2696 mordet.
324 2651 387 2696 non
408 2635 587 2697 mehercules
610 2634 697 2695 hodie
718 2634 841 2699 buccam
862 2635 947 2715 panis
969 2636 1098 2697 invenire
1120 2638 1212 2715 potui.
1251 2647 1301 2700 et*

168 2722 321 2797 quomodo
335 2720 452 2782 siccitas
463 2727 639 2799 perseverat.
669 2720 726 2781 iam
743 2739 852 2782 annum
866 2721 982 2800 osurigo
994 2723 1057 2784 luit.
1080 2721 1186 2782 aediles
1202 2725 1279 2786 male

167 2805 288 2878 eveniat,
305 2806 354 2882 qui
369 2822 436 2865 cum
451 2805 614 2884 pistoribus
630 2805 780 2867 colludunt
790 2799 900 2866 “serva
914 2825 977 2879 me,
994 2807 1114 2868 servabo
1130 2797 1189 2867 ιε’).
1222 2809 1279 2871 ita-

168 2904 225 2965 que
249 2889 377 2967 populus
404 2889 535 2949 minutus
554 2890 680 2963 laborat,
706 2910 774 2950 nam
794 2891 842 2950 isti
863 2892 990 2950 maiores
1011 2892 1143 2951 niaxillao
1158 2911 1280 2973 semper

168 2972 331 3037 Saturnalia
346 2980 444 3052 agunt.
476 2991 493 3032 o
509 2975 534 3033 si
549 2973 722 3034 haberemus
739 2974 803 3034 illos
818 2974 931 3047 leones,
947 2993 1021 3053 quos
1037 2993 1089 3051 ego
1106 2975 1154 3034 bic
1168 2975 1277 3054 inveni,

166 3075 233 3117 cnm
252 3057 382 3136 primum
402 3076 436 3118 ex
451 3058 518 3118 heia
534 3057 606 3118 reni.
635 3058 702 3118 illud
719 3065 781 3120 erat
794 3059 897 3120 vivere.
928 3059 1032 3119 similia
1047 3060 1137 3120 sicilia
1152 3059 1278 3125 interio-

166 3160 214 3202 res
227 3149 255 3202 et
266 3142 358 3206 larvas
371 3141 414 3202 sic
424 3143 501 3203 istos
511 3143 747 3222 porsolopabant,
763 3151 795 3204 ut
806 3144 860 3204 illis
868 3145 977 3224 lapiter
989 3145 1079 3206 iratus
1092 3152 1176 3208 esset.
1202 3150 1275 3228 [sed]

168 3227 288 3287 memini
304 3227 456 3289 Safinium.
486 3235 556 3289 tuno
572 3227 720 3289 habitabat
734 3229 768 3290 ad
781 3248 881 3290 arcum
893 3238 1029 3302 veterem,
1046 3250 1094 3290 me
1109 3250 1212 3310 puero,
1230 3226 1278 3315 pi-

166 3329 232 3389 per,
254 3330 314 3372 non
335 3312 438 3372 homo.
468 3311 494 3373 is
514 3330 689 3392 quacunque
704 3313 777 3387 ibat,
797 3321 905 3376 terram
922 3315 1071 3376 adurebat.
1102 3317 1153 3377 sed
1168 3326 1278 3396 rectus,

167 3395 220 3456 sed
235 3404 341 3468 certus,
355 3396 466 3458 amicus
482 3398 587 3467 amico,
602 3416 668 3458 oum
685 3416 744 3476 quo
761 3399 896 3461 audacter
912 3418 1016 3478 posses
1032 3401 1061 3461 in
1077 3402 1205 3464 tenebris
1218 3406 1276 3466 rni-

166 3499 240 3543 care.
270 3481 301 3543 in
317 3481 396 3546 ouria
411 3489 507 3543 autom
525 3481 674 3562 quomodo
694 3481 826 3560 singulos
845 3484 906 3561 [vel]
920 3485 1026 3565 pilabat
1039 3487 1208 3566 [tractabatt
1221 3507 1277 3552 neo

166 3567 302 3629 schemas
321 3565 492 3647 loquebatur
513 3567 565 3628 sod
586 3565 737 3628 directum.
773 3585 839 3629 eum
856 3579 954 3646 agaret
971 3588 1060 3650 porro
1081 3572 1111 3631 in
1130 3572 1212 3644 loro,
1234 3575 1278 3637 sic

165 3651 241 3713 illiue
257 3671 312 3714 vox
333 3649 481 3713 erescebat
494 3660 632 3732 tauquam
648 3649 726 3715 tuba.
757 3669 812 3713 uae
827 3654 939 3715 eciderit
954 3673 1081 3734 unquam
1097 3675 1153 3718 nec
1166 3661 1275 3737 expuit.

165 3744 238 3816 puto
261 3755 328 3798 eum
348 3735 445 3798 amolo
467 3736 534 3817 quid
556 3736 662 3799 usiadis
683 3735 825 3800 balatum.
858 3748 988 3820 utquam
1003 3741 1146 3819 benignus
1161 3745 1276 3808 resalu-

165 3829 240 3895 tare,
264 3821 383 3885 nomina
400 3821 532 3885 omnium
548 3821 677 3891 reddere,
692 3830 829 3903 utiquam
846 3841 922 3887 tirius
939 3826 974 3887 ilo
990 3827 1083 3889 uobis.
1114 3830 1210 3907 itaquo
1226 3831 1275 3893 illo

165 3914 300 3987 ternpore
315 3923 431 3968 annona
447 3925 502 3987 pro
517 3907 578 3970 luto
595 3916 664 3970 orat.
695 3924 762 3970 assa
778 3925 882 3989 panum
896 3929 980 3991 equom
994 3912 1128 3981 omissas,
1143 3929 1204 3975 uon
1218 3936 1276 3995 po-

165 3993 274 4070 tuisses
296 4010 364 4056 cum
383 3991 472 4055 alteru
495 3992 640 4057 minuare
671 4008 752 4057 uuae
771 3994 887 4058 oculum
907 3994 1025 4058 bublum
1048 3995 1104 4057 vidi
1121 3997 1275 4064 maiorem.
