2646 4710
554 363 704 418 cannino

280 537 450 582 crescensve
465 538 581 599 semper
596 520 626 580 in
642 539 729 582 suum
745 527 833 600 caput
847 538 980 598 porrum.

280 624 335 667 nec
350 606 512 665 seminosas
529 606 564 667 ad
581 607 744 667 cucurbitas
761 623 927 685 quenquam

278 691 314 752 ad
330 691 494 751 ocimumve
510 709 738 771 cucumerosque
752 691 835 751 humi
850 691 934 751 fusos

280 776 376 836 venire
392 775 477 835 credo
494 777 647 836 sessilesve
662 777 801 848 lactucas,

279 880 334 921 nec
348 867 380 920 ut
396 859 504 920 salaces
520 869 605 922 nocte
620 862 700 922 tollat
715 880 815 921 erucas

280 951 467 1023 moniamque
483 947 608 1007 olentem
625 966 691 1007 cum
710 946 875 1006 salubribus
890 945 964 1006 rutis

279 1048 419 1108 acresque
434 1048 537 1110 caepas
553 1032 698 1110 aliumque
714 1031 858 1092 fibratum.

280 1134 352 1193 quae
369 1123 470 1175 cuncta
487 1116 616 1196 quamvis
632 1125 736 1176 nostro
753 1116 894 1177 babemus
910 1114 940 1175 in
956 1121 1072 1193 saepto,

279 1219 340 1262 non
351 1199 489 1278 pauciora
505 1201 631 1280 proximi
646 1201 743 1261 ferunt
758 1200 844 1261 borti.

281 1285 386 1365 quibus
402 1284 508 1347 relictis
525 1288 554 1347 in
570 1286 642 1346 mihi
656 1287 817 1346 laboratum

280 1371 378 1430 locum
394 1370 511 1444 venitis,
525 1369 736 1450 improbissimi
751 1372 844 1430 fures:

281 1455 419 1516 nimirum
437 1465 565 1536 apiertam
583 1456 742 1516 convolatis
759 1456 793 1515 ad
810 1472 950 1534 poenam,

281 1541 339 1600 boc
354 1558 407 1598 vos
423 1548 451 1601 ct
466 1543 578 1621 ipsum,
595 1542 672 1620 quod
690 1540 850 1615 minamur,
866 1539 974 1600 invitat.

612 1757 659 1817 bii

280 1861 359 1920 Heus
374 1867 421 1932 tu,
437 1878 497 1920 non
514 1859 587 1918 bene
603 1859 652 1938 qui
669 1877 788 1919 manum
802 1878 937 1938 rapacem

281 1945 417 2006 mandato
434 1944 506 2004 mibi
521 1945 654 2005 contines
670 1945 705 2004 ab
721 1945 824 2018 horto,

281 2031 336 2090 iam
354 2030 480 2110 primum
498 2037 591 2089 stator
606 2029 654 2089 bic
668 2029 843 2090 libidinosus

281 2115 399 2176 alternis
416 2115 542 2175 ineundo
559 2121 587 2174 et
602 2114 734 2174 excundo

282 2208 366 2278 porta
381 2207 410 2259 te
424 2199 510 2259 faciet
526 2199 727 2277 patentiorem.

279 2285 417 2345 accedent
433 2284 508 2357 duo,
525 2283 657 2362 quilatus
672 2290 800 2355 tuentur,

279 2370 379 2448 pulcre
395 2368 555 2447 pensilibus
572 2368 723 2447 pecudiati3

280 2455 329 2534 qui
344 2471 410 2514 cum
426 2460 455 2513 te
471 2454 543 2514 male
555 2453 682 2514 foderint
697 2453 851 2525 iacentem,

281 2539 316 2599 ad
337 2546 447 2617 partem
464 2538 558 2600 veniet
573 2538 652 2598 salax
668 2538 787 2611 asellus,

281 2624 341 2684 nilo
357 2624 482 2684 deterius
499 2623 688 2684 mutuniatus.

285 2727 373 2788 quare
389 2708 438 2787 qui
455 2707 565 2786 sapiet,
581 2707 690 2768 malum
707 2706 829 2778 cavebit,

282 2813 347 2854 cum
364 2801 476 2854 tantum
493 2793 565 2853 sciet
580 2812 644 2854 esse
660 2793 865 2853 mentuiarum.

606 2997 666 3057 Liii

281 3105 442 3165 Contentus
458 3104 574 3165 modico
591 3104 722 3166 bacchus
739 3104 813 3165 solet
828 3125 893 3168 esse
909 3125 1041 3180 racemo,

326 3208 390 3250 cunt
407 3189 521 3269 capiant
536 3190 584 3250 niti
599 3189 645 3250 vix
661 3190 715 3252 cita
732 3198 828 3251 musta
845 3191 938 3266 lacus,

283 3293 445 3355 magnaque
460 3275 590 3336 secundis
607 3294 672 3336 cum
688 3276 833 3336 messibus
849 3296 913 3338 area
929 3278 1017 3349 desit,

325 3360 353 3419 in
371 3360 483 3420 Cereris
501 3361 595 3421 crines
611 3379 670 3421 una
687 3380 797 3422 corona
813 3362 906 3425 datur.

284 3451 314 3504 tu
332 3463 461 3524 quoque,
476 3445 539 3505 dive
555 3446 667 3519 minor,
684 3448 827 3508 maiorum
845 3448 975 3528 exempla
991 3455 1124 3523 secutus,

327 3530 456 3608 quamvis
473 3549 563 3608 pauca
580 3531 699 3605 damus,
717 3532 836 3593 consule
852 3553 940 3613 poma
956 3532 1036 3593 boni.

597 3734 672 3794 Lliii

284 3836 328 3897 CD
346 3838 370 3896 si
386 3836 497 3897 scribas
513 3845 719 3917 temoncmque
736 3838 857 3918 insuper
872 3839 976 3914 addas,

325 3921 373 4003 qui
389 3923 518 3983 medium
534 3930 561 3984 te
576 3922 635 3984 vult
649 3923 794 3999 scindere,
807 3925 902 4004 pictus
918 3925 980 3988 crit.
