2646 4710
540 355 683 409 umarus

254 507 359 586 etipse
373 509 460 588 lunga
475 515 561 571 nocte
577 511 703 573 dormiat
717 513 799 576 solus

254 593 417 656 libidinosis
429 594 565 656 incitatus
580 597 684 659 erucis.

516 765 686 828 XXXXVIll

253 867 340 939 Quod
354 873 467 946 partem
483 869 631 930 madidam
646 871 704 931 mei
719 871 834 946 videtis,

253 969 306 1030 per
321 970 409 1030 quam
431 953 581 1031 significor
595 955 719 1035 Priapus
733 977 812 1031 esse,

251 1054 312 1096 non
327 1056 378 1096 ros
395 1044 455 1109 est,
472 1039 656 1113 mihicrede,
672 1059 727 1102 nec
742 1044 857 1121 pruina,

251 1122 302 1182 sed
318 1123 396 1200 quod
413 1132 519 1201 sponte
534 1143 587 1186 sua
602 1126 678 1185 solet
691 1127 812 1201 remitti,

252 1225 317 1267 cum
333 1225 416 1268 mens
433 1216 478 1268 est
492 1210 623 1286 parthicae
639 1230 754 1273 memor
769 1214 889 1291 puellae.

512 1378 694 1441 XXXXVIlll

250 1479 308 1551 Tu,
326 1478 491 1557 quicunque
505 1481 584 1542 vides
600 1481 674 1544 circa
690 1485 810 1546 tectoria
827 1495 930 1548 nostra

292 1581 351 1623 non
367 1564 491 1625 nimium
509 1567 579 1627 casti
595 1568 722 1630 carmina
738 1569 823 1649 plena
839 1572 911 1645 icci,

248 1648 380 1709 versibus
397 1649 551 1711 obscoenis
569 1653 676 1713 aliendi
692 1654 806 1716 desine:
821 1675 882 1718 nun
899 1667 943 1719 est

291 1735 419 1795 mentula
435 1736 570 1798 subducti
586 1746 687 1799 nostra
703 1741 856 1818 supercilii.

588 1907 612 1967 L

248 2005 414 2080 Quaedam,
431 2008 456 2068 si
471 2008 564 2087 placet
578 2009 635 2070 hoc
649 2010 716 2084 tibi,
733 2010 852 2093 Priape,

247 2092 421 2153 lrccsissima
437 2112 484 2153 me
499 2094 593 2172 puella
608 2095 682 2156 ludit

247 2187 275 2240 et
290 2196 344 2238 nec
359 2178 407 2238 dat
422 2178 493 2239 mihi
508 2197 563 2240 nec
577 2188 664 2258 negat
678 2181 809 2244 daturam

248 2282 410 2341 causasque
425 2264 535 2325 invenit
549 2284 642 2344 usque
657 2266 822 2330 dillerendi:

247 2368 319 2428 quae
335 2349 360 2408 si
377 2350 528 2427 contigerit
542 2350 666 2412 fruenda
681 2353 782 2427 nubiS,

246 2439 337 2495 tutam
355 2452 421 2494 cum
437 2435 572 2513 paribus,
589 2437 711 2514 Priape,
729 2437 839 2500 nostris

249 2519 398 2596 cingemus
415 2518 465 2579 tibi
481 2520 640 2581 mentulam
657 2523 787 2582 curonis.

581 2703 619 2764 LI

246 2807 321 2880 Quid
338 2807 395 2866 hcc
410 2806 509 2882 negoti
525 2812 570 2866 est
586 2825 677 2884 quave
693 2806 829 2885 suspicer
844 2827 930 2871 causa

245 2892 342 2952 venire
357 2890 387 2950 in
402 2892 521 2950 hortum
537 2890 682 2970 plurimos
699 2911 797 2952 meum
813 2893 909 2967 fures,

247 2996 312 3036 cum
326 2976 459 3055 quisquis
475 2975 504 3035 in
521 2993 577 3036 nos
593 2976 707 3050 incidit,
723 2977 783 3037 luat
798 2997 908 3057 poenas

245 3068 274 3120 et
289 3081 381 3139 usquc
398 3080 502 3122 curvus
519 3070 672 3123 excavetur
688 3063 722 3122 ad
738 3062 878 3125 lumbus?

244 3164 305 3207 non
321 3147 392 3206 ficus
409 3146 456 3206 hic
471 3152 517 3206 est
532 3147 720 3225 praeferenda
736 3148 845 3208 vicinae
1037 3168 1050 3214 5

244 3250 386 3310 uvasque,
404 3231 502 3309 quales
518 3232 589 3291 ssava
604 3231 673 3308 legit
688 3233 788 3304 Arete,

244 3334 304 3376 ncn
320 3316 394 3376 mala
411 3315 522 3376 truncis
540 3316 699 3376 adserenda
715 3316 829 3377 Picenis

245 3401 392 3480 pirumve,
406 3407 488 3461 tanto
506 3402 584 3479 qucd
600 3401 729 3481 periculo
747 3409 859 3480 capteS,

244 3486 395 3566 magisque
411 3505 475 3547 cera
489 3487 599 3547 luteum
615 3505 691 3547 nova
705 3504 833 3565 prunum

245 3572 401 3632 serbumve
416 3579 531 3632 ventres
547 3572 673 3632 lubricus
690 3580 883 3633 moraturum.
1021 3590 1050 3638 10

244 3657 396 3737 praesigne
409 3658 481 3718 rami
496 3676 550 3718 nec
565 3657 621 3718 mei
636 3658 733 3717 ferunt
749 3677 865 3719 murum

245 3761 386 3803 nucemve
401 3743 535 3821 longam,
553 3761 639 3823 quam
655 3751 759 3803 vocant
775 3743 946 3815 avellanam,

244 3829 463 3907 amygdalumve
476 3828 549 3888 licre
565 3846 714 3907 purpureo
730 3828 853 3906 fulgens.

246 3931 307 3974 nou
323 3913 520 3974 brassicarum
535 3913 613 3974 ferre
628 3912 738 3992 glorior
754 3913 848 3973 caules

245 3999 375 4070 hetasve,
393 4005 514 4078 quantas
529 3999 634 4061 hortus
650 3999 752 4060 educat
767 3998 876 4072 nullus,
1020 4014 1049 4063 15
