2646 4710
110 339 131 397 4
583 329 739 383 PETRONll

111 506 273 549 canescere.
302 487 416 566 3133333
438 503 556 565 quoqne
575 473 636 546 333
656 486 743 546 alium
765 484 874 545 exitum
889 484 970 556 fecit,
987 492 1057 562 post
1058 503 1145 587 quam
1161 488 1219 546 Ae-

111 593 165 654 gyp
167 574 278 635 tiorum
293 573 413 634 audacia
429 579 488 632 tam
504 589 626 648 magnae
641 571 711 632 artis
727 570 998 650 compendiariam
991 560 1118 634 invenit.>

77 664 96 725 3
197 676 259 719 non
281 665 326 718 est
341 677 448 737 passus
464 657 668 734 Agamemnon
684 675 731 716 me
747 656 855 716 diutius
872 654 1077 717 declamarem
1093 663 1163 733 port
1163 656 1221 729 133,

112 763 200 824 quam
224 744 289 823 ipse
311 745 341 804 in
362 743 461 803 schola
484 743 649 814 sudaverat,
677 732 750 801 sed
757 733 938 801 adulescens'
954 731 1070 821 inquit‘
1078 741 1221 818 qnoniam

111 847 279 891 sermonem
294 828 384 889 hahes
399 845 460 887 non
478 826 585 906 publici
598 846 712 905 saporis
725 833 754 886 3
754 827 858 904 ‚quod
870 827 1052 886 rarissimum
1065 834 1119 897 est,
1135 845 1221 887 amas

110 915 219 976 honam
234 920 316 975 ment
317 933 372 987 em
387 931 449 973 non
463 912 631 972 fraudahot
619 920 648 972 33
663 919 724 972 3333
739 918 858 972 3333333.
888 910 1003 970 nihil
974 913 1114 972 nrmirum
1126 912 1158 971 in
1171 912 1219 972 his

111 1001 247 1061 exercitat
206 1000 365 1060 dationibus
378 998 447 1058 doct
435 1005 515 1058 33333
528 1005 658 1076 3333333,
675 997 724 1076 331
736 1015 856 1056 3333333
868 997 977 1056 habent
965 1003 1054 1057 tcum
1067 997 1220 1057 insanien-

111 1085 188 1146 tibus
204 1087 308 1146 furere.
338 1103 405 1143 nam
421 1084 478 1143 nisi
471 1082 619 1143 dixerint
640 1101 712 1161 qnae
732 1082 900 1142 3333333333
903 1083 939 1142 331
958 1081 1098 1159 probent,
1125 1088 1158 1143 ut
1181 1082 1222 1143 ait

111 1160 256 1243 Cicero,
258 1161 357 1229 ‘soli
350 1187 380 1229 in
401 1168 509 1228 scholis
529 1168 694 1245 relinquen
696 1186 760 1227 ur
790 1168 882 1227 sicut
870 1167 1068 1228 ttficiadulat
1056 1175 1135 1227 tores
1152 1186 1221 1229 cum

112 1274 199 1317 cenas
216 1218 285 1315 31313
273 1263 336 1314 3333
354 1273 405 1331 333
408 1260 479 1324 tant,
458 1252 567 1313 tnilril
581 1253 663 1331 prins
680 1252 820 1313 meditt
758 1261 820 1312 333
822 1272 856 1313 33
871 1271 958 1330 quarn
974 1253 1002 1312 id
1020 1254 1098 1332 3333
1115 1260 1220 1332 333333

112 1341 311 1420 gratissimum
339 1301 521 1399 auditoribus
541 1339 619 1398 fore:
647 1356 702 1398 333
721 1338 799 1398 enim
822 1338 902 1398 aliter
921 1338 1119 1416 impetrabunt
1139 1339 1220 1416 quod

112 1433 229 1506 petunt,
245 1425 302 1485 nisi
318 1425 459 1502 quasdam
476 1423 596 1484 insidias
613 1424 732 1484 auribus
748 1424 883 1484 fecerint:
900 1425 943 1484 sic
957 1424 1139 1502 eloquentiae
1153 1442 1220 1483 ma-

112 1514 213 1592 gister,
236 1511 293 1570 nisi
312 1516 452 1587 tanquam
473 1510 602 1587 piscator
618 1528 680 1568 earn
696 1509 872 1588 imposuerit
887 1509 981 1569 hamis
997 1528 1108 1579 escam,
1130 1527 1220 1588 quam

112 1597 210 1658 scierit
230 1595 410 1674 appetituros
431 1613 496 1654 esse
516 1594 688 1673 3133133333,
709 1593 772 1653 3133
793 1613 847 1672 333
866 1595 989 1672 praedae
1009 1594 1172 1656 morabitur
1186 1594 1219 1654 in

78 1681 245 1759 43333333.
276 1680 344 1759 3313
361 1696 430 1756 ergo
447 1676 513 1739 est?
543 1687 678 1757 parentes
695 1678 899 1757 obiurgatione
915 1679 994 1758 digni
1006 1687 1084 1752 sunt,
1101 1680 1149 1759 qui
1161 1698 1219 1739 no·

112 1767 176 1828 lunt
190 1766 297 1826 liberos
313 1783 385 1824 suos
402 1782 499 1824 severa
514 1764 576 1842 lege
591 1765 742 1842 prolicere.
773 1765 901 1842 primum
917 1766 994 1825 enim
1012 1764 1054 1825 sic
1068 1772 1101 1826 ut
1112 1766 1220 1838 omnia,

112 1871 181 1930 spes
203 1870 319 1931 333333
340 1869 408 1910 3333
428 1849 580 1910 ambitioni
601 1851 719 1910 donant.
755 1851 858 1911 331333
878 1869 943 1911 cum
966 1851 1000 1911 ad
1022 1858 1087 1910 3333
1108 1869 1219 1929 prope·
1246 1917 1248 1920 ,

111 1945 191 2010 3333,
213 1937 299 1996 33333
316 1935 412 1995 adhuc
426 1935 520 1995 studia
535 1935 566 1995 in
581 1935 680 1996 lorum
702 1936 870 2015 propellunt
891 1943 920 1997 et
941 1937 1144 2015 eloquentiam,
1162 1954 1219 2013 qua

112 2023 184 2084 nihil
210 2041 275 2082 3333
301 2021 394 2081 maius
422 2021 611 2091 coutimur,
639 2021 736 2100 pueris
763 2022 889 2082 induunt
907 2022 1003 2082 adhuc
1022 2019 1218 2082 nascentibus

113 2108 232 2188 3333
209 2127 234 2168 3ι
246 2113 414 2186 3333333333
425 2106 559 2167 laborum
573 2108 680 2184 gradus
692 2107 813 2179 fierint
801 2107 973 2191 tstudiosi
964 2125 1084 2167 iuvenes
1095 2106 1220 2166 lectione

113 2211 211 2254 333333
229 2192 440 2269 inrigarentur,
462 2198 494 2252 33
514 2192 672 2270 sapientiae
687 2186 852 2270 3333333313
867 2193 981 2252 animos
998 2198 1220 2270 333333333333

112 2278 287 2340 utverhat
259 2285 287 2338 at
289 2277 350 2337 3331
366 2277 431 2336 stilo
448 2277 664 2349 ellodcrentt
632 2284 664 2336 ut
679 2277 757 2354 3333
773 2276 899 2336 3333333
865 2276 955 2336 timit
957 2295 998 2336 ari
944 2276 1063 2335 t'diu
1075 2276 1219 2348 audirent,

112 2409 203 2425 .....
216 2363 271 2423 sihi
282 2362 353 2422 nihil
366 2381 431 2422 csse
444 2363 640 2439 magnificum,
655 2361 732 2439 quod
745 2361 844 2439 pueris
856 2360 1013 2438 33333333Ι
1007 2379 1064 2420 ram
1077 2361 1217 2437 illagran-

112 2450 156 2510 dis
170 2449 263 2508 oratio
280 2446 399 2507 haberet
414 2447 572 2507 maiestatis
589 2465 658 2506 suae
673 2447 801 2524 pondos.
824 2463 904 2506 nunc
915 2445 997 2523 pueri
1008 2445 1038 2505 in
1050 2445 1160 2506 scholis
1172 2445 1219 2506 lu-

113 2536 199 2605 dunt,
219 2534 336 2594 iuvenes
353 2532 485 2592 ridentur·
499 2532 529 2592 in
544 2531 623 2603 3333,
645 2538 673 2589 33
689 2531 768 2608 3333
784 2537 910 2609 3333333
924 2531 1040 2609 turpius
1057 2540 1115 2603 333,
1138 2533 1216 2609 quod

112 2621 235 2699 quisque
255 2636 407 2697 perperam
429 2616 541 2686 didicit,
563 2616 593 2675 in
615 2624 763 2676 senectute
779 2617 910 2677 confiteri
933 2615 1077 2676 3333333.
1108 2617 1158 2675 333
1181 2634 1219 2676 33

112 2713 256 2783 33333333
271 2701 454 2782 improbasse
469 2701 622 2762 schedium
636 2700 798 2763 Lucilianae
813 2702 996 2775 humilitatis,
1019 2703 1097 2781 3333
1113 2702 1219 2777 333313,

112 2792 218 2868 331333
233 2789 361 2848 33333133
376 2786 526 2864 effingam:

298 2872 368 2932 artis
384 2890 499 2931 3333333
514 2872 539 2931 31
555 2872 620 2949 3313
637 2880 714 2932 amat
729 2873 847 2931 33333333

297 2963 484 3034 mentemque
499 2956 612 3033 magnis
628 2956 765 3034 applicat,
781 2955 864 3033 33133
877 2975 979 3016 mores

296 3040 468 3118 frugalitatis
483 3040 546 3118 lege
562 3039 652 3118 poliat
666 3047 773 3101 exacta.

296 3145 351 3187 neo
366 3134 446 3186 33333
461 3125 519 3186 3333
535 3124 644 3204 regiam
660 3132 772 3185 trucem
787 3125 868 3186 33333

267 3258 271 3266 .
298 3210 423 3272 cliensve
439 3228 526 3271 cenas
542 3210 735 3289 inpotentium
753 3217 861 3289 captet,

296 3315 351 3358 nec
365 3296 486 3376 perditis
502 3296 633 3358 addictus
649 3296 754 3357 obruat
769 3296 836 3356 vino

298 3381 405 3443 mentis
421 3381 562 3455 calorem;
578 3400 650 3442 neve
665 3381 785 3460 plausor
799 3382 830 3442 in
846 3399 982 3442 scaenam

298 3468 398 3528 sedeat
413 3467 595 3546 redemptus,
611 3466 782 3527 histriculae
799 3466 940 3528 addictus.

254 3553 305 3614 sed
323 3552 382 3613 3133
397 3554 556 3630 armigerae
571 3552 666 3613 rident
682 3551 844 3612 Tritonidis
860 3571 955 3626 arces,

179 3656 209 3705 33
253 3657 307 3700 333
321 3637 552 3698 Lacedaemonio
568 3637 651 3699 tellus
667 3637 796 3698 habitata
814 3637 919 3699 colono

253 3724 423 3785 Sirenumve
435 3723 553 3794 domus,
571 3723 619 3784 det
633 3722 746 3802 primos
761 3722 894 3784 versibus
911 3741 1003 3785 annos

253 3808 475 3887 Maeoniumque
490 3808 569 3869 hibat
583 3808 657 3869 felici
673 3817 791 3888 pectore
806 3809 928 3870 fontem.

253 3914 323 3955 mox
339 3902 367 3955 et
383 3893 533 3956 Socratico
549 3895 652 3972 plenus
668 3912 754 3972 grege
769 3893 865 3955 mittat
879 3895 1006 3957 habenas

252 3980 323 4047 liber
339 3987 367 4041 et
382 3979 507 4059 ingentis
523 3979 633 4059 quatiat
649 3979 851 4041 Demosthenis
867 4000 955 4042 arma.
