<?xml version="1.0" encoding="UTF-8"?>
<!DOCTYPE html PUBLIC "-//W3C//DTD XHTML 1.0 Transitional//EN"
    "http://www.w3.org/TR/xhtml1/DTD/xhtml1-transitional.dtd">
<html xmlns="http://www.w3.org/1999/xhtml" xml:lang="en" lang="en">
 <head>
  <title>
</title>
<meta http-equiv="Content-Type" content="text/html;charset=utf-8" />
  <meta name='ocr-system' content='tesseract 3.04.00' />
  <meta name='ocr-capabilities' content='ocr_page ocr_carea ocr_par ocr_line ocrx_word'/>
</head>
<body>
  <div class='ocr_page' id='page_1' title='image "./petroniiarbitri00arbigoog_0099.png"; bbox 0 0 2646 4710; ppageno 0'>
   <div class='ocr_carea' id='block_1_1' title="bbox 145 361 774 425">
    <p class='ocr_par' dir='ltr' id='par_1_1' title="bbox 145 361 774 425">
     <span class='ocr_line' id='line_1_1' title="bbox 145 361 774 425; baseline 0.002 -10"><span class='ocrx_word' id='word_1_1' title='bbox 145 361 187 425; x_wconf 82' lang='grc'>74</span> <span class='ocrx_word' id='word_1_2' title='bbox 617 363 774 416; x_wconf 81' lang='lat' dir='ltr'>ruruomr</span> 
     </span>
    </p>
   </div>
   <div class='ocr_carea' id='block_1_2' title="bbox 76 517 1096 4107">
    <p class='ocr_par' dir='ltr' id='par_1_2' title="bbox 246 517 1010 684">
     <span class='ocr_line' id='line_1_2' title="bbox 246 517 927 599; baseline 0.001 -20"><span class='ocrx_word' id='word_1_3' title='bbox 246 519 348 598; x_wconf 78' lang='lat' dir='ltr'>ecquid</span> <span class='ocrx_word' id='word_1_4' title='bbox 363 517 497 579; x_wconf 85' lang='lat' dir='ltr'>Romano</span> <span class='ocrx_word' id='word_1_5' title='bbox 514 519 606 580; x_wconf 92' lang='lat' dir='ltr'>sentis</span> <span class='ocrx_word' id='word_1_6' title='bbox 621 527 650 580; x_wconf 89' lang='lat' dir='ltr'>te</span> <span class='ocrx_word' id='word_1_7' title='bbox 664 520 795 599; x_wconf 88' lang='lat' dir='ltr'>pondere</span> <span class='ocrx_word' id='word_1_8' title='bbox 808 520 927 593; x_wconf 87' lang='lat' dir='ltr'>rictam,</span> 
     </span>
     <span class='ocr_line' id='line_1_3' title="bbox 247 598 1010 684; baseline 0.003 -19"><span class='ocrx_word' id='word_1_9' title='bbox 247 623 301 665; x_wconf 90' lang='lat' dir='ltr'>nec</span> <span class='ocrx_word' id='word_1_10' title='bbox 314 598 404 684; x_wconf 85' lang='lat' dir='ltr'>posse</span> <span class='ocrx_word' id='word_1_11' title='bbox 419 603 539 666; x_wconf 91' lang='lat' dir='ltr'>ulterius</span> <span class='ocrx_word' id='word_1_12' title='bbox 555 605 713 684; x_wconf 89' lang='lat' dir='ltr'>parituram</span> <span class='ocrx_word' id='word_1_13' title='bbox 730 605 865 667; x_wconf 79' lang='lat' dir='ltr'>extollere</span> <span class='ocrx_word' id='word_1_14' title='bbox 881 605 1010 668; x_wconf 74' lang='lat' dir='ltr'>molem?</span> 
     </span>
    </p>

    <p class='ocr_par' dir='ltr' id='par_1_3' title="bbox 196 690 857 769">
     <span class='ocr_line' id='line_1_4' title="bbox 196 690 857 769; baseline 0.002 -19"><span class='ocrx_word' id='word_1_15' title='bbox 196 723 197 726; x_wconf 32' lang='lat'>¹</span> <span class='ocrx_word' id='word_1_16' title='bbox 247 691 309 769; x_wconf 92' lang='lat' dir='ltr'>ipsa</span> <span class='ocrx_word' id='word_1_17' title='bbox 326 708 394 750; x_wconf 91' lang='lat' dir='ltr'>suas</span> <span class='ocrx_word' id='word_1_18' title='bbox 410 690 484 750; x_wconf 90' lang='lat' dir='ltr'>vires</span> <span class='ocrx_word' id='word_1_19' title='bbox 500 690 561 752; x_wconf 90' lang='lat' dir='ltr'>odit</span> <span class='ocrx_word' id='word_1_20' title='bbox 576 691 708 751; x_wconf 85' lang='lat' dir='ltr'>Romana</span> <span class='ocrx_word' id='word_1_21' title='bbox 723 690 857 752; x_wconf 86' lang='lat' dir='ltr'>iuventus</span> 
     </span>
    </p>

    <p class='ocr_par' dir='ltr' id='par_1_4' title="bbox 180 775 1079 1196">
     <span class='ocr_line' id='line_1_5' title="bbox 180 775 1023 855; baseline -0.004 -15"><span class='ocrx_word' id='word_1_22' title='bbox 180 790 211 840; x_wconf 82' lang='grc'>05</span> <span class='ocrx_word' id='word_1_23' title='bbox 247 783 277 836; x_wconf 88' lang='grc'>00</span> <span class='ocrx_word' id='word_1_24' title='bbox 291 793 362 854; x_wconf 91' lang='lat' dir='ltr'>quas</span> <span class='ocrx_word' id='word_1_25' title='bbox 379 775 484 836; x_wconf 83' lang='lat' dir='ltr'><strong>struxit</strong></span> <span class='ocrx_word' id='word_1_26' title='bbox 499 794 585 854; x_wconf 91' lang='lat' dir='ltr'>opes,</span> <span class='ocrx_word' id='word_1_27' title='bbox 601 776 676 836; x_wconf 94' lang='lat' dir='ltr'>male</span> <span class='ocrx_word' id='word_1_28' title='bbox 691 776 824 837; x_wconf 90' lang='lat' dir='ltr'>sustinet.</span> <span class='ocrx_word' id='word_1_29' title='bbox 855 777 952 855; x_wconf 82' lang='lat' dir='ltr'>aspice</span> <span class='ocrx_word' id='word_1_30' title='bbox 967 777 1023 838; x_wconf 91' lang='lat' dir='ltr'>late</span> 
     </span>
     <span class='ocr_line' id='line_1_6' title="bbox 244 861 1079 940; baseline 0.001 -19"><span class='ocrx_word' id='word_1_31' title='bbox 244 861 386 921; x_wconf 83' lang='lat' dir='ltr'>luxuriam</span> <span class='ocrx_word' id='word_1_32' title='bbox 403 861 565 940; x_wconf 91' lang='lat' dir='ltr'>spoliorum</span> <span class='ocrx_word' id='word_1_33' title='bbox 582 869 610 922; x_wconf 93' lang='lat' dir='ltr'>et</span> <span class='ocrx_word' id='word_1_34' title='bbox 624 880 744 923; x_wconf 87' lang='lat' dir='ltr'>censum</span> <span class='ocrx_word' id='word_1_35' title='bbox 760 862 790 923; x_wconf 93' lang='lat' dir='ltr'>in</span> <span class='ocrx_word' id='word_1_36' title='bbox 806 863 910 923; x_wconf 91' lang='lat' dir='ltr'>damna</span> <span class='ocrx_word' id='word_1_37' title='bbox 925 862 1079 923; x_wconf 80' lang='lat' dir='ltr'>furentem.</span> 
     </span>
     <span class='ocr_line' id='line_1_7' title="bbox 246 946 954 1025; baseline 0.003 -18"><span class='ocrx_word' id='word_1_38' title='bbox 246 946 397 1007; x_wconf 89' lang='lat' dir='ltr'>aedificant</span> <span class='ocrx_word' id='word_1_39' title='bbox 412 964 483 1006; x_wconf 94' lang='lat' dir='ltr'>auro</span> <span class='ocrx_word' id='word_1_40' title='bbox 500 947 642 1025; x_wconf 90' lang='lat' dir='ltr'>sedesque</span> <span class='ocrx_word' id='word_1_41' title='bbox 658 947 694 1008; x_wconf 92' lang='lat' dir='ltr'>ad</span> <span class='ocrx_word' id='word_1_42' title='bbox 710 947 805 1008; x_wconf 90' lang='lat' dir='ltr'>sidera</span> <span class='ocrx_word' id='word_1_43' title='bbox 821 949 954 1018; x_wconf 87' lang='lat' dir='ltr'>mittunt,</span> 
     </span>
     <span class='ocr_line' id='line_1_8' title="bbox 246 1030 985 1111; baseline 0.004 -21"><span class='ocrx_word' id='word_1_44' title='bbox 246 1030 429 1110; x_wconf 87' lang='lat' dir='ltr'>expelluntur</span> <span class='ocrx_word' id='word_1_45' title='bbox 442 1049 533 1111; x_wconf 88' lang='lat' dir='ltr'>aquae</span> <span class='ocrx_word' id='word_1_46' title='bbox 548 1032 639 1104; x_wconf 88' lang='lat' dir='ltr'>saxis,</span> <span class='ocrx_word' id='word_1_47' title='bbox 654 1051 736 1093; x_wconf 87' lang='lat' dir='ltr'>mare</span> <span class='ocrx_word' id='word_1_48' title='bbox 750 1033 880 1094; x_wconf 90' lang='lat' dir='ltr'>nascitur</span> <span class='ocrx_word' id='word_1_49' title='bbox 894 1033 985 1106; x_wconf 84' lang='lat' dir='ltr'>arvis,</span> 
     </span>
     <span class='ocr_line' id='line_1_9' title="bbox 246 1117 872 1196; baseline 0.006 -21"><span class='ocrx_word' id='word_1_50' title='bbox 246 1123 275 1176; x_wconf 90' lang='lat' dir='ltr'>et</span> <span class='ocrx_word' id='word_1_51' title='bbox 289 1124 453 1196; x_wconf 89' lang='lat' dir='ltr'>permutata</span> <span class='ocrx_word' id='word_1_52' title='bbox 469 1135 568 1178; x_wconf 91' lang='lat' dir='ltr'>rerum</span> <span class='ocrx_word' id='word_1_53' title='bbox 584 1117 710 1178; x_wconf 88' lang='lat' dir='ltr'>statione</span> <span class='ocrx_word' id='word_1_54' title='bbox 725 1117 872 1179; x_wconf 89' lang='lat' dir='ltr'>rebellant</span> 
     </span>
    </p>

    <p class='ocr_par' dir='ltr' id='par_1_5' title="bbox 180 1202 1061 1624">
     <span class='ocr_line' id='line_1_10' title="bbox 180 1202 1001 1282; baseline -0.002 -16"><span class='ocrx_word' id='word_1_55' title='bbox 180 1217 212 1266; x_wconf 90' lang='grc'>00</span> <span class='ocrx_word' id='word_1_56' title='bbox 247 1220 283 1262; x_wconf 91' lang='grc'>00</span> <span class='ocrx_word' id='word_1_57' title='bbox 300 1202 385 1263; x_wconf 90' lang='lat' dir='ltr'>etiam</span> <span class='ocrx_word' id='word_1_58' title='bbox 402 1219 465 1262; x_wconf 91' lang='lat' dir='ltr'>mea</span> <span class='ocrx_word' id='word_1_59' title='bbox 481 1220 569 1280; x_wconf 83' lang='lat' dir='ltr'>regna</span> <span class='ocrx_word' id='word_1_60' title='bbox 585 1209 696 1282; x_wconf 90' lang='lat' dir='ltr'>petunt.</span> <span class='ocrx_word' id='word_1_61' title='bbox 727 1203 861 1282; x_wconf 80' lang='lat' dir='ltr'>perfossa</span> <span class='ocrx_word' id='word_1_62' title='bbox 876 1202 1001 1264; x_wconf 84' lang='lat' dir='ltr'>dehiscit</span> 
     </span>
     <span class='ocr_line' id='line_1_11' title="bbox 245 1286 982 1361; baseline 0.003 -14"><span class='ocrx_word' id='word_1_63' title='bbox 245 1287 372 1348; x_wconf 94' lang='lat' dir='ltr'>molibus</span> <span class='ocrx_word' id='word_1_64' title='bbox 387 1286 498 1348; x_wconf 89' lang='lat' dir='ltr'>insanis</span> <span class='ocrx_word' id='word_1_65' title='bbox 513 1289 612 1361; x_wconf 86' lang='lat' dir='ltr'>tellus,</span> <span class='ocrx_word' id='word_1_66' title='bbox 628 1289 685 1348; x_wconf 89' lang='lat' dir='ltr'>iam</span> <span class='ocrx_word' id='word_1_67' title='bbox 702 1288 854 1350; x_wconf 87' lang='lat' dir='ltr'>montibus</span> <span class='ocrx_word' id='word_1_68' title='bbox 870 1289 982 1349; x_wconf 81' lang='lat' dir='ltr'>haustis</span> 
     </span>
     <span class='ocr_line' id='line_1_12' title="bbox 246 1374 1030 1453; baseline 0.003 -20"><span class='ocrx_word' id='word_1_69' title='bbox 246 1379 329 1434; x_wconf 92' lang='lat' dir='ltr'>antra</span> <span class='ocrx_word' id='word_1_70' title='bbox 345 1379 478 1451; x_wconf 85' lang='lat' dir='ltr'>gemunt,</span> <span class='ocrx_word' id='word_1_71' title='bbox 495 1380 524 1434; x_wconf 89' lang='lat' dir='ltr'>et</span> <span class='ocrx_word' id='word_1_72' title='bbox 538 1374 608 1435; x_wconf 91' lang='lat' dir='ltr'>dum</span> <span class='ocrx_word' id='word_1_73' title='bbox 624 1391 715 1434; x_wconf 90' lang='lat' dir='ltr'>vanos</span> <span class='ocrx_word' id='word_1_74' title='bbox 731 1375 805 1453; x_wconf 90' lang='lat' dir='ltr'>lapis</span> <span class='ocrx_word' id='word_1_75' title='bbox 820 1374 930 1435; x_wconf 87' lang='lat' dir='ltr'>invenit</span> <span class='ocrx_word' id='word_1_76' title='bbox 944 1393 1030 1447; x_wconf 90' lang='lat' dir='ltr'>usus,</span> 
     </span>
     <span class='ocr_line' id='line_1_13' title="bbox 245 1458 879 1538; baseline 0.002 -19"><span class='ocrx_word' id='word_1_77' title='bbox 245 1458 351 1519; x_wconf 88' lang='lat' dir='ltr'>inferni</span> <span class='ocrx_word' id='word_1_78' title='bbox 368 1477 469 1519; x_wconf 93' lang='lat' dir='ltr'>manes</span> <span class='ocrx_word' id='word_1_79' title='bbox 485 1459 596 1520; x_wconf 91' lang='lat' dir='ltr'>caelum</span> <span class='ocrx_word' id='word_1_80' title='bbox 611 1477 731 1538; x_wconf 86' lang='lat' dir='ltr'>sperare</span> <span class='ocrx_word' id='word_1_81' title='bbox 744 1460 879 1520; x_wconf 88' lang='lat' dir='ltr'>fatentur.</span> 
     </span>
     <span class='ocr_line' id='line_1_14' title="bbox 245 1544 1061 1624; baseline 0.001 -20"><span class='ocrx_word' id='word_1_82' title='bbox 245 1561 414 1622; x_wconf 80' lang='lat' dir='ltr'>querengo,</span> <span class='ocrx_word' id='word_1_83' title='bbox 431 1545 521 1616; x_wconf 85' lang='lat' dir='ltr'>Fors,</span> <span class='ocrx_word' id='word_1_84' title='bbox 537 1550 617 1605; x_wconf 93' lang='lat' dir='ltr'>muta</span> <span class='ocrx_word' id='word_1_85' title='bbox 632 1551 765 1624; x_wconf 90' lang='lat' dir='ltr'>pacatum</span> <span class='ocrx_word' id='word_1_86' title='bbox 781 1545 810 1604; x_wconf 94' lang='lat' dir='ltr'>in</span> <span class='ocrx_word' id='word_1_87' title='bbox 826 1544 935 1624; x_wconf 92' lang='lat' dir='ltr'>proelia</span> <span class='ocrx_word' id='word_1_88' title='bbox 950 1545 1061 1606; x_wconf 83' lang='lat' dir='ltr'>vultum</span> 
     </span>
    </p>

    <p class='ocr_par' dir='ltr' id='par_1_6' title="bbox 179 1629 979 2050">
     <span class='ocr_line' id='line_1_15' title="bbox 179 1629 979 1708; baseline -0.005 -14"><span class='ocrx_word' id='word_1_89' title='bbox 179 1644 210 1694; x_wconf 84' lang='lat'>95</span> <span class='ocrx_word' id='word_1_90' title='bbox 246 1629 456 1707; x_wconf 85' lang='lat' dir='ltr'>Romanosque</span> <span class='ocrx_word' id='word_1_91' title='bbox 471 1629 514 1689; x_wconf 92' lang='lat' dir='ltr'>cie</span> <span class='ocrx_word' id='word_1_92' title='bbox 528 1648 562 1691; x_wconf 91' lang='lat' dir='ltr'>ac</span> <span class='ocrx_word' id='word_1_93' title='bbox 576 1629 688 1691; x_wconf 91' lang='lat' dir='ltr'>nostris</span> <span class='ocrx_word' id='word_1_94' title='bbox 703 1630 740 1691; x_wconf 91' lang='lat' dir='ltr'>da</span> <span class='ocrx_word' id='word_1_95' title='bbox 753 1630 855 1691; x_wconf 87' lang='lat' dir='ltr'>funera</span> <span class='ocrx_word' id='word_1_96' title='bbox 870 1630 979 1708; x_wconf 75' lang='lat' dir='ltr'>regnis.</span> 
     </span>
     <span class='ocr_line' id='line_1_16' title="bbox 244 1714 948 1795; baseline 0.001 -21"><span class='ocrx_word' id='word_1_97' title='bbox 244 1714 301 1774; x_wconf 90' lang='lat' dir='ltr'>iam</span> <span class='ocrx_word' id='word_1_98' title='bbox 318 1714 432 1792; x_wconf 86' lang='lat' dir='ltr'>pridem</span> <span class='ocrx_word' id='word_1_99' title='bbox 448 1714 527 1774; x_wconf 95' lang='lat' dir='ltr'>nullo</span> <span class='ocrx_word' id='word_1_100' title='bbox 542 1714 746 1795; x_wconf 85' lang='lat' dir='ltr'>perfundimus</span> <span class='ocrx_word' id='word_1_101' title='bbox 764 1728 815 1776; x_wconf 85' lang='lat' dir='ltr'>ora</span> <span class='ocrx_word' id='word_1_102' title='bbox 830 1733 948 1789; x_wconf 85' lang='lat' dir='ltr'>cruore,</span> 
     </span>
     <span class='ocr_line' id='line_1_17' title="bbox 245 1799 938 1880; baseline 0.003 -21"><span class='ocrx_word' id='word_1_103' title='bbox 245 1817 300 1860; x_wconf 89' lang='lat' dir='ltr'>nee</span> <span class='ocrx_word' id='word_1_104' title='bbox 314 1817 380 1860; x_wconf 93' lang='lat' dir='ltr'>mea</span> <span class='ocrx_word' id='word_1_105' title='bbox 396 1799 559 1880; x_wconf 88' lang='lat' dir='ltr'>Tisiphone</span> <span class='ocrx_word' id='word_1_106' title='bbox 574 1799 706 1862; x_wconf 86' lang='lat' dir='ltr'>sitientes</span> <span class='ocrx_word' id='word_1_107' title='bbox 721 1799 830 1880; x_wconf 88' lang='lat' dir='ltr'>perluit</span> <span class='ocrx_word' id='word_1_108' title='bbox 843 1808 938 1875; x_wconf 91' lang='lat' dir='ltr'>artus,</span> 
     </span>
     <span class='ocr_line' id='line_1_18' title="bbox 245 1884 964 1964; baseline 0.004 -20"><span class='ocrx_word' id='word_1_109' title='bbox 245 1903 279 1945; x_wconf 92' lang='lat' dir='ltr'>ex</span> <span class='ocrx_word' id='word_1_110' title='bbox 295 1903 354 1964; x_wconf 93' lang='lat' dir='ltr'>quo</span> <span class='ocrx_word' id='word_1_111' title='bbox 370 1884 505 1946; x_wconf 86' lang='lat' dir='ltr'>Sullanus</span> <span class='ocrx_word' id='word_1_112' title='bbox 521 1885 594 1947; x_wconf 92' lang='lat' dir='ltr'>bibit</span> <span class='ocrx_word' id='word_1_113' title='bbox 607 1887 687 1947; x_wconf 89' lang='lat' dir='ltr'>ensis</span> <span class='ocrx_word' id='word_1_114' title='bbox 703 1892 732 1947; x_wconf 94' lang='lat' dir='ltr'>et</span> <span class='ocrx_word' id='word_1_115' title='bbox 746 1886 866 1947; x_wconf 92' lang='lat' dir='ltr'>horrida</span> <span class='ocrx_word' id='word_1_116' title='bbox 880 1886 964 1947; x_wconf 90' lang='lat' dir='ltr'>tellus</span> 
     </span>
     <span class='ocr_line' id='line_1_19' title="bbox 246 1961 939 2050; baseline 0.001 -19"><span class='ocrx_word' id='word_1_117' title='bbox 246 1969 346 2032; x_wconf 88' lang='lat' dir='ltr'>extulit</span> <span class='ocrx_word' id='word_1_118' title='bbox 360 1970 389 2030; x_wconf 93' lang='lat' dir='ltr'>iu</span> <span class='ocrx_word' id='word_1_119' title='bbox 405 1971 499 2032; x_wconf 85' lang='lat' dir='ltr'>lucem</span> <span class='ocrx_word' id='word_1_120' title='bbox 515 1971 639 2032; x_wconf 84' lang='lat' dir='ltr'>nutritas</span> <span class='ocrx_word' id='word_1_121' title='bbox 656 1972 798 2050; x_wconf 83' lang='lat' dir='ltr'>sanguine</span> <span class='ocrx_word' id='word_1_122' title='bbox 811 1961 939 2050; x_wconf 81' lang='lat' dir='ltr'>fruges.”</span> 
     </span>
    </p>

    <p class='ocr_par' dir='ltr' id='par_1_7' title="bbox 76 2055 1096 2136">
     <span class='ocr_line' id='line_1_20' title="bbox 76 2055 1096 2136; baseline -0.008 -13"><span class='ocrx_word' id='word_1_123' title='bbox 76 2061 133 2123; x_wconf 82' lang='lat' dir='ltr'>ttt</span> <span class='ocrx_word' id='word_1_124' title='bbox 164 2070 212 2120; x_wconf 94' lang='grc'>100</span> <span class='ocrx_word' id='word_1_125' title='bbox 289 2056 360 2116; x_wconf 89' lang='lat' dir='ltr'>haec</span> <span class='ocrx_word' id='word_1_126' title='bbox 373 2055 424 2116; x_wconf 91' lang='lat' dir='ltr'>ubi</span> <span class='ocrx_word' id='word_1_127' title='bbox 441 2057 518 2117; x_wconf 92' lang='lat' dir='ltr'>dicta</span> <span class='ocrx_word' id='word_1_128' title='bbox 533 2057 626 2130; x_wconf 86' lang='lat' dir='ltr'>dedit,</span> <span class='ocrx_word' id='word_1_129' title='bbox 642 2058 760 2118; x_wconf 82' lang='lat' dir='ltr'>dextrae</span> <span class='ocrx_word' id='word_1_130' title='bbox 776 2057 951 2136; x_wconf 84' lang='lat' dir='ltr'>coniungere</span> <span class='ocrx_word' id='word_1_131' title='bbox 965 2055 1096 2116; x_wconf 83' lang='lat' dir='ltr'>dextram</span> 
     </span>
    </p>

    <p class='ocr_par' dir='ltr' id='par_1_8' title="bbox 224 2142 942 2476">
     <span class='ocr_line' id='line_1_21' title="bbox 245 2142 823 2219; baseline 0.002 -17"><span class='ocrx_word' id='word_1_132' title='bbox 245 2149 368 2202; x_wconf 90' lang='lat' dir='ltr'>conatus</span> <span class='ocrx_word' id='word_1_133' title='bbox 383 2149 470 2219; x_wconf 96' lang='grc'>00000</span> <span class='ocrx_word' id='word_1_134' title='bbox 486 2142 617 2202; x_wconf 89' lang='lat' dir='ltr'>tellurem</span> <span class='ocrx_word' id='word_1_135' title='bbox 634 2143 720 2203; x_wconf 86' lang='lat' dir='ltr'>solvit</span> <span class='ocrx_word' id='word_1_136' title='bbox 733 2143 823 2203; x_wconf 91' lang='lat' dir='ltr'>hiatu.</span> 
     </span>
     <span class='ocr_line' id='line_1_22' title="bbox 244 2226 904 2305; baseline 0.002 -19"><span class='ocrx_word' id='word_1_137' title='bbox 244 2233 316 2286; x_wconf 92' lang='lat' dir='ltr'>tunc</span> <span class='ocrx_word' id='word_1_138' title='bbox 330 2226 460 2287; x_wconf 86' lang='lat' dir='ltr'>Fortuna</span> <span class='ocrx_word' id='word_1_139' title='bbox 475 2227 529 2286; x_wconf 91' lang='lat' dir='ltr'>levi</span> <span class='ocrx_word' id='word_1_140' title='bbox 544 2227 657 2288; x_wconf 87' lang='lat' dir='ltr'>defudit</span> <span class='ocrx_word' id='word_1_141' title='bbox 671 2234 790 2305; x_wconf 89' lang='lat' dir='ltr'>pectore</span> <span class='ocrx_word' id='word_1_142' title='bbox 804 2244 904 2287; x_wconf 85' lang='lat' dir='ltr'>voces:</span> 
     </span>
     <span class='ocr_line' id='line_1_23' title="bbox 224 2300 890 2391; baseline 0.002 -20"><span class='ocrx_word' id='word_1_143' title='bbox 224 2300 264 2371; x_wconf 86' lang='lat' dir='ltr'>“o</span> <span class='ocrx_word' id='word_1_144' title='bbox 280 2310 409 2389; x_wconf 82' lang='lat' dir='ltr'>genitor,</span> <span class='ocrx_word' id='word_1_145' title='bbox 427 2311 474 2371; x_wconf 89' lang='lat' dir='ltr'>cui</span> <span class='ocrx_word' id='word_1_146' title='bbox 489 2308 587 2391; x_wconf 80' lang='lat' dir='ltr'>Cocyti</span> <span class='ocrx_word' id='word_1_147' title='bbox 602 2312 758 2390; x_wconf 85' lang='lat' dir='ltr'>penetralia</span> <span class='ocrx_word' id='word_1_148' title='bbox 773 2318 890 2391; x_wconf 88' lang='lat' dir='ltr'>parent,</span> 
     </span>
     <span class='ocr_line' id='line_1_24' title="bbox 245 2396 942 2476; baseline 0 -20"><span class='ocrx_word' id='word_1_149' title='bbox 245 2396 270 2457; x_wconf 91' lang='lat' dir='ltr'>si</span> <span class='ocrx_word' id='word_1_150' title='bbox 286 2396 376 2456; x_wconf 92' lang='lat' dir='ltr'>modo</span> <span class='ocrx_word' id='word_1_151' title='bbox 392 2415 459 2458; x_wconf 88' lang='lat' dir='ltr'>vera</span> <span class='ocrx_word' id='word_1_152' title='bbox 475 2396 546 2457; x_wconf 91' lang='lat' dir='ltr'>mihi</span> <span class='ocrx_word' id='word_1_153' title='bbox 561 2397 606 2458; x_wconf 84' lang='lat' dir='ltr'>fas</span> <span class='ocrx_word' id='word_1_154' title='bbox 621 2405 667 2458; x_wconf 92' lang='lat' dir='ltr'>est</span> <span class='ocrx_word' id='word_1_155' title='bbox 682 2396 802 2476; x_wconf 89' lang='lat' dir='ltr'>impune</span> <span class='ocrx_word' id='word_1_156' title='bbox 818 2396 942 2476; x_wconf 85' lang='lat' dir='ltr'>profari,</span> 
     </span>
    </p>

    <p class='ocr_par' dir='ltr' id='par_1_9' title="bbox 162 2480 1051 2816">
     <span class='ocr_line' id='line_1_25' title="bbox 162 2480 973 2555; baseline -0.004 -10"><span class='ocrx_word' id='word_1_157' title='bbox 162 2496 209 2546; x_wconf 84' lang='lat'>105</span> <span class='ocrx_word' id='word_1_158' title='bbox 244 2488 310 2541; x_wconf 88' lang='lat' dir='ltr'>vota</span> <span class='ocrx_word' id='word_1_159' title='bbox 325 2480 378 2542; x_wconf 90' lang='lat' dir='ltr'>tihi</span> <span class='ocrx_word' id='word_1_160' title='bbox 392 2481 508 2555; x_wconf 84' lang='lat' dir='ltr'>cedeut3</span> <span class='ocrx_word' id='word_1_161' title='bbox 524 2499 578 2543; x_wconf 89' lang='lat' dir='ltr'>nec</span> <span class='ocrx_word' id='word_1_162' title='bbox 592 2483 669 2543; x_wconf 90' lang='lat' dir='ltr'>euim</span> <span class='ocrx_word' id='word_1_163' title='bbox 684 2483 783 2543; x_wconf 91' lang='lat' dir='ltr'>minor</span> <span class='ocrx_word' id='word_1_164' title='bbox 797 2483 838 2543; x_wconf 94' lang='lat' dir='ltr'>ira</span> <span class='ocrx_word' id='word_1_165' title='bbox 854 2481 973 2543; x_wconf 86' lang='lat' dir='ltr'>rebellat</span> 
     </span>
     <span class='ocr_line' id='line_1_26' title="bbox 243 2567 1051 2646; baseline 0 -19"><span class='ocrx_word' id='word_1_166' title='bbox 243 2574 363 2646; x_wconf 90' lang='lat' dir='ltr'>pectore</span> <span class='ocrx_word' id='word_1_167' title='bbox 378 2567 409 2626; x_wconf 92' lang='lat' dir='ltr'>in</span> <span class='ocrx_word' id='word_1_168' title='bbox 424 2567 482 2628; x_wconf 93' lang='lat' dir='ltr'>hoc</span> <span class='ocrx_word' id='word_1_169' title='bbox 496 2567 644 2646; x_wconf 81' lang='lat' dir='ltr'>leviorque</span> <span class='ocrx_word' id='word_1_170' title='bbox 659 2568 753 2629; x_wconf 89' lang='lat' dir='ltr'>exurit</span> <span class='ocrx_word' id='word_1_171' title='bbox 767 2569 885 2629; x_wconf 91' lang='lat' dir='ltr'>llamma</span> <span class='ocrx_word' id='word_1_172' title='bbox 901 2567 1051 2629; x_wconf 91' lang='lat' dir='ltr'>medullas.</span> 
     </span>
     <span class='ocr_line' id='line_1_27' title="bbox 245 2651 917 2731; baseline 0.001 -20"><span class='ocrx_word' id='word_1_173' title='bbox 245 2651 356 2723; x_wconf 90' lang='lat' dir='ltr'>omnia,</span> <span class='ocrx_word' id='word_1_174' title='bbox 372 2671 447 2731; x_wconf 89' lang='lat' dir='ltr'>quae</span> <span class='ocrx_word' id='word_1_175' title='bbox 461 2653 550 2714; x_wconf 89' lang='lat' dir='ltr'>tribui</span> <span class='ocrx_word' id='word_1_176' title='bbox 564 2653 707 2714; x_wconf 87' lang='lat' dir='ltr'>Romanis</span> <span class='ocrx_word' id='word_1_177' title='bbox 723 2653 851 2724; x_wconf 89' lang='lat' dir='ltr'>arcibus,</span> <span class='ocrx_word' id='word_1_178' title='bbox 868 2652 917 2712; x_wconf 92' lang='lat' dir='ltr'>odi</span> 
     </span>
     <span class='ocr_line' id='line_1_28' title="bbox 245 2737 944 2816; baseline 0 -19"><span class='ocrx_word' id='word_1_179' title='bbox 245 2737 475 2816; x_wconf 89' lang='lat' dir='ltr'>muneribusque</span> <span class='ocrx_word' id='word_1_180' title='bbox 489 2739 563 2799; x_wconf 89' lang='lat' dir='ltr'>meis</span> <span class='ocrx_word' id='word_1_181' title='bbox 578 2737 698 2799; x_wconf 89' lang='lat' dir='ltr'>irascor.</span> <span class='ocrx_word' id='word_1_182' title='bbox 730 2740 859 2800; x_wconf 87' lang='lat' dir='ltr'>destruet</span> <span class='ocrx_word' id='word_1_183' title='bbox 872 2737 944 2798; x_wconf 91' lang='lat' dir='ltr'>istas</span> 
     </span>
    </p>

    <p class='ocr_par' dir='ltr' id='par_1_10' title="bbox 204 2821 995 2901">
     <span class='ocr_line' id='line_1_29' title="bbox 204 2821 995 2901; baseline 0 -20"><span class='ocrx_word' id='word_1_184' title='bbox 204 2869 209 2880; x_wconf 78' lang='grc'>,</span> <span class='ocrx_word' id='word_1_185' title='bbox 244 2822 335 2895; x_wconf 89' lang='lat' dir='ltr'>idem,</span> <span class='ocrx_word' id='word_1_186' title='bbox 351 2823 400 2901; x_wconf 93' lang='lat' dir='ltr'>qui</span> <span class='ocrx_word' id='word_1_187' title='bbox 416 2824 530 2901; x_wconf 85' lang='lat' dir='ltr'>posuit,</span> <span class='ocrx_word' id='word_1_188' title='bbox 546 2824 639 2885; x_wconf 90' lang='lat' dir='ltr'>moles</span> <span class='ocrx_word' id='word_1_189' title='bbox 654 2823 736 2885; x_wconf 91' lang='lat' dir='ltr'>deus.</span> <span class='ocrx_word' id='word_1_190' title='bbox 767 2832 813 2885; x_wconf 84' lang='lat' dir='ltr'>est</span> <span class='ocrx_word' id='word_1_191' title='bbox 826 2821 898 2883; x_wconf 93' lang='lat' dir='ltr'>mibi</span> <span class='ocrx_word' id='word_1_192' title='bbox 914 2821 995 2882; x_wconf 91' lang='lat' dir='ltr'>cordi</span> 
     </span>
    </p>

    <p class='ocr_par' dir='ltr' id='par_1_11' title="bbox 164 2907 1090 3327">
     <span class='ocr_line' id='line_1_30' title="bbox 164 2907 1049 2988; baseline -0.007 -17"><span class='ocrx_word' id='word_1_193' title='bbox 164 2922 211 2971; x_wconf 91' lang='grc'>110</span> <span class='ocrx_word' id='word_1_194' title='bbox 246 2907 354 2986; x_wconf 91' lang='lat' dir='ltr'>quippe</span> <span class='ocrx_word' id='word_1_195' title='bbox 368 2925 497 2967; x_wconf 91' lang='lat' dir='ltr'>cremare</span> <span class='ocrx_word' id='word_1_196' title='bbox 512 2907 591 2968; x_wconf 87' lang='lat' dir='ltr'>viros</span> <span class='ocrx_word' id='word_1_197' title='bbox 606 2917 635 2969; x_wconf 93' lang='lat' dir='ltr'>et</span> <span class='ocrx_word' id='word_1_198' title='bbox 650 2909 791 2986; x_wconf 83' lang='lat' dir='ltr'>sanguine</span> <span class='ocrx_word' id='word_1_199' title='bbox 805 2925 925 2988; x_wconf 88' lang='lat' dir='ltr'>pascere</span> <span class='ocrx_word' id='word_1_200' title='bbox 940 2907 1049 2967; x_wconf 88' lang='lat' dir='ltr'>luxum.</span> 
     </span>
     <span class='ocr_line' id='line_1_31' title="bbox 245 2989 1090 3070; baseline -0.002 -18"><span class='ocrx_word' id='word_1_201' title='bbox 245 3009 332 3052; x_wconf 89' lang='lat' dir='ltr'>cerno</span> <span class='ocrx_word' id='word_1_202' title='bbox 348 2992 482 3069; x_wconf 90' lang='lat' dir='ltr'>equidem</span> <span class='ocrx_word' id='word_1_203' title='bbox 499 2993 612 3070; x_wconf 79' lang='lat' dir='ltr'>gemina</span> <span class='ocrx_word' id='word_1_204' title='bbox 628 2993 684 3053; x_wconf 90' lang='lat' dir='ltr'>iam</span> <span class='ocrx_word' id='word_1_205' title='bbox 701 2999 809 3053; x_wconf 86' lang='lat' dir='ltr'>stratos</span> <span class='ocrx_word' id='word_1_206' title='bbox 825 2997 921 3051; x_wconf 88' lang='lat' dir='ltr'>morte</span> <span class='ocrx_word' id='word_1_207' title='bbox 935 2989 1090 3069; x_wconf 87' lang='lat' dir='ltr'>Philippos</span> 
     </span>
     <span class='ocr_line' id='line_1_32' title="bbox 245 3074 991 3156; baseline -0.003 -20"><span class='ocrx_word' id='word_1_208' title='bbox 245 3076 470 3155; x_wconf 88' lang='lat' dir='ltr'>Thessaliaeque</span> <span class='ocrx_word' id='word_1_209' title='bbox 483 3094 574 3156; x_wconf 86' lang='lat' dir='ltr'>rogos</span> <span class='ocrx_word' id='word_1_210' title='bbox 589 3083 618 3137; x_wconf 93' lang='lat' dir='ltr'>et</span> <span class='ocrx_word' id='word_1_211' title='bbox 631 3077 733 3138; x_wconf 88' lang='lat' dir='ltr'>lunera</span> <span class='ocrx_word' id='word_1_212' title='bbox 750 3076 844 3155; x_wconf 79' lang='lat' dir='ltr'>gentis</span> <span class='ocrx_word' id='word_1_213' title='bbox 859 3074 991 3135; x_wconf 88' lang='lat' dir='ltr'>Hiberae.</span> 
     </span>
     <span class='ocr_line' id='line_1_33' title="bbox 244 3161 1038 3241; baseline 0.001 -19"><span class='ocrx_word' id='word_1_214' title='bbox 244 3162 300 3222; x_wconf 93' lang='lat' dir='ltr'>iam</span> <span class='ocrx_word' id='word_1_215' title='bbox 316 3161 416 3240; x_wconf 84' lang='lat' dir='ltr'>fragor</span> <span class='ocrx_word' id='word_1_216' title='bbox 430 3180 580 3223; x_wconf 90' lang='lat' dir='ltr'>armorum</span> <span class='ocrx_word' id='word_1_217' title='bbox 595 3162 774 3241; x_wconf 85' lang='lat' dir='ltr'>trepidantes</span> <span class='ocrx_word' id='word_1_218' title='bbox 789 3167 930 3240; x_wconf 91' lang='lat' dir='ltr'>personat</span> <span class='ocrx_word' id='word_1_219' title='bbox 944 3179 1038 3223; x_wconf 89' lang='lat' dir='ltr'>aures.</span> 
     </span>
     <span class='ocr_line' id='line_1_34' title="bbox 245 3246 971 3327; baseline -0.003 -19"><span class='ocrx_word' id='word_1_220' title='bbox 245 3254 275 3309; x_wconf 89' lang='lat' dir='ltr'>et</span> <span class='ocrx_word' id='word_1_221' title='bbox 288 3247 394 3327; x_wconf 82' lang='lat' dir='ltr'>Libyae</span> <span class='ocrx_word' id='word_1_222' title='bbox 409 3264 496 3308; x_wconf 86' lang='lat' dir='ltr'>cerno</span> <span class='ocrx_word' id='word_1_223' title='bbox 511 3254 575 3319; x_wconf 89' lang='lat' dir='ltr'>tua,</span> <span class='ocrx_word' id='word_1_224' title='bbox 592 3247 670 3320; x_wconf 84' lang='lat' dir='ltr'>Nile,</span> <span class='ocrx_word' id='word_1_225' title='bbox 688 3246 831 3326; x_wconf 78' lang='lat' dir='ltr'>gementia</span> <span class='ocrx_word' id='word_1_226' title='bbox 848 3247 971 3307; x_wconf 88' lang='lat' dir='ltr'>claustra</span> 
     </span>
    </p>

    <p class='ocr_par' dir='ltr' id='par_1_12' title="bbox 164 3330 1079 3754">
     <span class='ocr_line' id='line_1_35' title="bbox 164 3330 992 3413; baseline -0.007 -15"><span class='ocrx_word' id='word_1_227' title='bbox 164 3348 210 3398; x_wconf 81' lang='lat'>115</span> <span class='ocrx_word' id='word_1_228' title='bbox 247 3332 438 3413; x_wconf 77' lang='lat' dir='ltr'>Actiacosque</span> <span class='ocrx_word' id='word_1_229' title='bbox 453 3332 535 3394; x_wconf 87' lang='lat' dir='ltr'>sinus</span> <span class='ocrx_word' id='word_1_230' title='bbox 550 3341 579 3394; x_wconf 92' lang='lat' dir='ltr'>et</span> <span class='ocrx_word' id='word_1_231' title='bbox 594 3333 735 3412; x_wconf 77' lang='lat' dir='ltr'>Apollinis</span> <span class='ocrx_word' id='word_1_232' title='bbox 751 3350 831 3394; x_wconf 93' lang='lat' dir='ltr'>arma</span> <span class='ocrx_word' id='word_1_233' title='bbox 846 3330 992 3392; x_wconf 86' lang='lat' dir='ltr'>timentes.</span> 
     </span>
     <span class='ocr_line' id='line_1_36' title="bbox 245 3417 969 3497; baseline -0.003 -20"><span class='ocrx_word' id='word_1_234' title='bbox 245 3418 353 3497; x_wconf 91' lang='lat' dir='ltr'>pande,</span> <span class='ocrx_word' id='word_1_235' title='bbox 369 3436 435 3496; x_wconf 83' lang='lat' dir='ltr'>age,</span> <span class='ocrx_word' id='word_1_236' title='bbox 451 3426 594 3480; x_wconf 88' lang='lat' dir='ltr'>terrarum</span> <span class='ocrx_word' id='word_1_237' title='bbox 609 3417 735 3480; x_wconf 88' lang='lat' dir='ltr'>sitientia</span> <span class='ocrx_word' id='word_1_238' title='bbox 751 3435 839 3496; x_wconf 80' lang='lat' dir='ltr'>regna</span> <span class='ocrx_word' id='word_1_239' title='bbox 853 3424 969 3477; x_wconf 93' lang='lat' dir='ltr'>tuarum</span> 
     </span>
     <span class='ocr_line' id='line_1_37' title="bbox 244 3501 1079 3582; baseline -0.001 -18"><span class='ocrx_word' id='word_1_240' title='bbox 244 3511 329 3582; x_wconf 90' lang='lat' dir='ltr'>atque</span> <span class='ocrx_word' id='word_1_241' title='bbox 344 3503 456 3565; x_wconf 92' lang='lat' dir='ltr'>animas</span> <span class='ocrx_word' id='word_1_242' title='bbox 472 3522 588 3565; x_wconf 89' lang='lat' dir='ltr'>accerse</span> <span class='ocrx_word' id='word_1_243' title='bbox 602 3520 703 3564; x_wconf 90' lang='lat' dir='ltr'>novas.</span> <span class='ocrx_word' id='word_1_244' title='bbox 733 3504 780 3564; x_wconf 86' lang='lat' dir='ltr'>vix</span> <span class='ocrx_word' id='word_1_245' title='bbox 795 3503 889 3564; x_wconf 91' lang='lat' dir='ltr'>navita</span> <span class='ocrx_word' id='word_1_246' title='bbox 906 3501 1079 3565; x_wconf 85' lang='lat' dir='ltr'>Porthmeus</span> 
     </span>
     <span class='ocr_line' id='line_1_38' title="bbox 245 3587 948 3660; baseline 0 -12"><span class='ocrx_word' id='word_1_247' title='bbox 245 3588 369 3650; x_wconf 79' lang='lat' dir='ltr'>sufficiet</span> <span class='ocrx_word' id='word_1_248' title='bbox 385 3588 538 3650; x_wconf 90' lang='lat' dir='ltr'>simulacra</span> <span class='ocrx_word' id='word_1_249' title='bbox 554 3588 647 3650; x_wconf 89' lang='lat' dir='ltr'>virum</span> <span class='ocrx_word' id='word_1_250' title='bbox 662 3589 815 3650; x_wconf 89' lang='lat' dir='ltr'>traducere</span> <span class='ocrx_word' id='word_1_251' title='bbox 830 3587 948 3660; x_wconf 85' lang='lat' dir='ltr'>cumba3</span> 
     </span>
     <span class='ocr_line' id='line_1_39' title="bbox 244 3672 970 3754; baseline -0.001 -20"><span class='ocrx_word' id='word_1_252' title='bbox 244 3673 336 3734; x_wconf 88' lang='lat' dir='ltr'>classe</span> <span class='ocrx_word' id='word_1_253' title='bbox 351 3692 426 3751; x_wconf 91' lang='lat' dir='ltr'>opus</span> <span class='ocrx_word' id='word_1_254' title='bbox 443 3680 495 3734; x_wconf 86' lang='lat' dir='ltr'>est.</span> <span class='ocrx_word' id='word_1_255' title='bbox 525 3681 615 3754; x_wconf 90' lang='lat' dir='ltr'>tuque</span> <span class='ocrx_word' id='word_1_256' title='bbox 629 3674 738 3752; x_wconf 75' lang='lat' dir='ltr'>ingenti</span> <span class='ocrx_word' id='word_1_257' title='bbox 753 3673 858 3735; x_wconf 92' lang='lat' dir='ltr'>satiare</span> <span class='ocrx_word' id='word_1_258' title='bbox 873 3672 970 3744; x_wconf 85' lang='lat' dir='ltr'>ruina,</span> 
     </span>
    </p>

    <p class='ocr_par' dir='ltr' id='par_1_13' title="bbox 162 3757 1001 3923">
     <span class='ocr_line' id='line_1_40' title="bbox 162 3757 1001 3839; baseline -0.005 -17"><span class='ocrx_word' id='word_1_259' title='bbox 162 3772 210 3822; x_wconf 83' lang='grc'>100</span> <span class='ocrx_word' id='word_1_260' title='bbox 245 3758 349 3838; x_wconf 92' lang='lat' dir='ltr'>pallida</span> <span class='ocrx_word' id='word_1_261' title='bbox 365 3757 541 3838; x_wconf 80' lang='lat' dir='ltr'>Tisiphone,</span> <span class='ocrx_word' id='word_1_262' title='bbox 559 3760 734 3839; x_wconf 86' lang='lat' dir='ltr'>concisaque</span> <span class='ocrx_word' id='word_1_263' title='bbox 749 3759 867 3820; x_wconf 85' lang='lat' dir='ltr'>vulnera</span> <span class='ocrx_word' id='word_1_264' title='bbox 883 3759 1001 3820; x_wconf 88' lang='lat' dir='ltr'>mande:</span> 
     </span>
     <span class='ocr_line' id='line_1_41' title="bbox 246 3835 944 3923; baseline 0.001 -19"><span class='ocrx_word' id='word_1_265' title='bbox 246 3843 281 3904; x_wconf 92' lang='lat' dir='ltr'>ad</span> <span class='ocrx_word' id='word_1_266' title='bbox 299 3844 414 3923; x_wconf 79' lang='lat' dir='ltr'>Stygios</span> <span class='ocrx_word' id='word_1_267' title='bbox 429 3862 532 3906; x_wconf 90' lang='lat' dir='ltr'>manes</span> <span class='ocrx_word' id='word_1_268' title='bbox 547 3846 687 3908; x_wconf 84' lang='lat' dir='ltr'>laceratus</span> <span class='ocrx_word' id='word_1_269' title='bbox 704 3845 820 3907; x_wconf 91' lang='lat' dir='ltr'>ducitur</span> <span class='ocrx_word' id='word_1_270' title='bbox 835 3835 944 3906; x_wconf 82' lang='lat' dir='ltr'>orbis.²’</span> 
     </span>
    </p>

    <p class='ocr_par' dir='ltr' id='par_1_14' title="bbox 76 3928 1015 4107">
     <span class='ocr_line' id='line_1_42' title="bbox 76 3928 1015 4010; baseline 0.002 -23"><span class='ocrx_word' id='word_1_271' title='bbox 76 3928 136 3991; x_wconf 78' lang='lat'>122</span> <span class='ocrx_word' id='word_1_272' title='bbox 288 3928 334 3989; x_wconf 88' lang='lat' dir='ltr'>vix</span> <span class='ocrx_word' id='word_1_273' title='bbox 350 3929 420 3991; x_wconf 89' lang='lat' dir='ltr'>dum</span> <span class='ocrx_word' id='word_1_274' title='bbox 436 3930 562 4003; x_wconf 86' lang='lat' dir='ltr'>linierat,</span> <span class='ocrx_word' id='word_1_275' title='bbox 579 3950 644 3993; x_wconf 91' lang='lat' dir='ltr'>cum</span> <span class='ocrx_word' id='word_1_276' title='bbox 660 3931 775 4010; x_wconf 76' lang='lat' dir='ltr'>fulgure</span> <span class='ocrx_word' id='word_1_277' title='bbox 789 3937 875 4010; x_wconf 93' lang='lat' dir='ltr'>rupta</span> <span class='ocrx_word' id='word_1_278' title='bbox 891 3948 1015 3991; x_wconf 90' lang='lat' dir='ltr'>corusco</span> 
     </span>
     <span class='ocr_line' id='line_1_43' title="bbox 244 4014 905 4107; baseline 0.002 -32"><span class='ocrx_word' id='word_1_279' title='bbox 244 4014 395 4078; x_wconf 86' lang='lat' dir='ltr'>intremuit</span> <span class='ocrx_word' id='word_1_280' title='bbox 408 4016 501 4078; x_wconf 88' lang='lat' dir='ltr'>nubes</span> <span class='ocrx_word' id='word_1_281' title='bbox 516 4016 664 4105; x_wconf 80' lang='lat' dir='ltr'>elisosque</span> <span class='ocrx_word' id='word_1_282' title='bbox 678 4016 801 4079; x_wconf 85' lang='lat' dir='ltr'>abscidit</span> <span class='ocrx_word' id='word_1_283' title='bbox 814 4015 905 4107; x_wconf 72' lang='lat' dir='ltr'>iquos.</span> 
     </span>
    </p>
   </div>
   <div class='ocr_carea' id='block_1_3' title="bbox 0 0 1328 4710">
    <p class='ocr_par' dir='ltr' id='par_1_15' title="bbox 0 0 1328 4710">
     <span class='ocr_line' id='line_1_44' title="bbox 0 0 1328 4710; baseline 0 0"><span class='ocrx_word' id='word_1_284' title='bbox 0 0 1328 4710; x_wconf 95' lang='lat' dir='ltr'> </span> 
     </span>
    </p>
   </div>
  </div>
 </body>
</html>
