2646 4710
127 368 168 436 20
602 366 758 424 russonn

127 531 226 606 potest
240 524 348 599 afferri,
369 523 445 586 sicut
459 523 506 585 ille
519 522 657 587 fericulus
673 524 729 585 iam
745 522 847 584 habuit
861 522 984 601 praxim.
1015 520 1109 583 caelus
1123 520 1188 596 hic,
1206 522 1239 584 in

129 629 188 691 quo
204 610 358 672 duodecim
374 609 413 672 dii
427 609 567 685 habitant,
582 611 612 671 in
627 610 750 671 totidem
767 627 799 670 se
815 609 921 686 figuras
934 607 1085 679 convertit,
1064 614 1130 669 tet
1141 608 1238 669 modo

129 697 162 756 bt
176 697 262 758 aries
291 696 387 775 itaque
406 695 538 774 quisquis
558 695 652 757 nascit
652 714 688 756 ur
639 694 755 756 tillo
776 693 877 772 signo,
897 693 988 754 multa
1008 711 1116 774 pecora
1136 693 1238 767 habet,

127 782 251 842 multum
267 780 361 854 lanae,
382 786 469 859 capnt
487 788 638 859 praeterea
653 779 768 853 durum,
781 779 909 841 frontem
925 778 1149 857 expndoratam‚
1167 797 1238 839 cor·

127 884 198 928 num
220 871 346 928 acutum
376 865 494 944 plurimi
514 865 614 925 boc
590 884 674 943 signo
696 864 863 926 scholastici
878 871 1003 925 nascunt
1005 883 1039 924 ur
1060 871 1089 924 et
1103 856 1238 926 arietilli?

125 952 276 1013 laudamus
305 949 497 1012 urbanitatem
527 950 693 1012 matbemat
673 950 737 1023 tici,
768 949 864 1027 itaque
892 949 1009 1011 adiecit·
1036 940 1158 1009 ‘deinde
1186 956 1237 1011 to-

126 1045 174 1098 tus
195 1036 289 1096 caelus
307 1036 440 1096 taumlus
460 1035 553 1096 fitit
530 1043 627 1115 itaque
647 1042 720 1097 tunc
739 1034 884 1096 calcitrosi
900 1041 1103 1107 nascunturet
1091 1033 1237 1096 tbubulci

127 1129 156 1183 et
177 1121 225 1200 qui
247 1140 279 1181 se
297 1119 354 1198 ipsi
370 1127 501 1199 pascunt.
532 1121 562 1182 in
577 1120 700 1199 geminis
715 1127 811 1181 autem
827 1127 988 1181 nascuntur
1001 1119 1088 1199 bigae
1100 1125 1128 1180 et
1143 1119 1236 1182 boves

127 1215 156 1268 et
174 1205 248 1266 colei
268 1212 298 1265 et
312 1205 361 1284 qui
379 1213 521 1285 utrosque
540 1206 665 1285 parietes
686 1205 789 1267 linunt.
818 1205 848 1265 in
865 1223 969 1266 cancro
985 1223 1038 1283 ego
1053 1212 1140 1265 natus
1156 1223 1235 1268 sum.

127 1293 191 1353 idco
207 1290 305 1352 multis
321 1289 445 1370 pedibus
468 1298 513 1352 sto
535 1291 608 1352 etin
624 1291 697 1352 mari
713 1298 741 1351 et
755 1292 784 1352 in
799 1297 877 1352 terra
892 1290 983 1351 multa
996 1289 1149 1370 possideo;
1165 1308 1236 1353 nam

127 1395 230 1438 cancer
245 1383 274 1437 et
288 1376 346 1437 hoc
360 1382 389 1437 et
403 1376 469 1437 illoc
484 1376 613 1456 quadrat.
643 1383 673 1437 et
686 1375 750 1436 ideo
766 1376 824 1437 iam
840 1376 951 1437 dudum
966 1375 1139 1454 nibil-super
1150 1376 1235 1438 illum

127 1461 228 1542 posui,
249 1480 287 1522 ne
304 1461 433 1541 genesim
450 1480 546 1522 meam
561 1480 735 1541 premerem·
762 1460 792 1522 in
812 1460 896 1522 leone
917 1462 1090 1540 cataphagae
1105 1479 1236 1523 nascun-

127 1556 176 1609 tur
191 1554 219 1608 et
234 1546 399 1625 imperiosi3
420 1545 449 1606 in
465 1546 575 1624 virgine
591 1547 727 1607 mulieres
745 1554 775 1606 et
788 1546 900 1624 fugitivi
915 1552 944 1607 et
959 1545 1131 1625 compediti,
1151 1547 1184 1608 in
1197 1547 1235 1608 li-

127 1632 179 1694 bra
192 1632 325 1693 laniones
340 1637 369 1692 et
384 1630 566 1710 unguentarii
582 1638 609 1692 et
624 1631 788 1711 quicunqne
800 1631 905 1711 aliquid
918 1631 1088 1710 expediunt3
1103 1631 1133 1692 in
1149 1650 1235 1694 scor-

115 1717 215 1796 pione
234 1715 379 1777 venenarii
395 1723 425 1777 et
438 1734 647 1797 percussorem
665 1716 697 1777 in
712 1717 862 1795 sagittario
878 1715 1047 1790 strabones,
1070 1716 1119 1796 qni
1133 1717 1237 1780 holera

129 1808 276 1881 spectant,
303 1800 416 1861 lardum
435 1800 554 1875 tollunt3
580 1802 611 1862 in
631 1802 803 1883 capricorno
826 1802 1009 1876 aerumnosi,
1036 1800 1142 1881 quibus
1163 1821 1236 1882 prae

127 1888 200 1948 mala
220 1905 274 1947 sua
295 1905 405 1947 cornua
423 1894 599 1961 nascuntur;
619 1887 649 1948 in
669 1888 789 1967 aquario
812 1905 943 1967 copones
958 1894 988 1948 et
1002 1886 1184 1962 cucurbitae3
1203 1888 1236 1949 in

127 1972 256 2052 piscibus
277 1971 471 2033 obsonatores
492 1980 521 2032 et
534 1972 676 2033 rhetores.
707 1973 749 2034 sic
764 1972 844 2034 orbis
859 1972 980 2034 vertitur
993 1979 1132 2051 tanquam
1146 1974 1236 2049 mola,

128 2066 289 2137 etsemper
303 2056 409 2154 aliquid
425 2056 491 2117 mali
505 2057 586 2131 facit,
602 2065 633 2119 ut
621 2058 851 2119 thtomines
800 2077 836 2119 au
838 2063 1023 2118 tnasoantur
1037 2064 1087 2118 aut
1101 2066 1234 2136 pereant

128 2142 207 2222 quod
227 2141 351 2203 autem
344 2159 374 2201 m
394 2141 490 2202 medio
513 2143 671 2222 caespitem
687 2143 772 2205 videt
751 2150 789 2204 trs
805 2148 833 2203 et
848 2160 937 2220 supra
952 2141 1109 2219 caespitem
1124 2142 1236 2219 favum,

127 2227 244 2293 nibil
220 2245 283 2287 sme
303 2225 416 2287 ratione
430 2227 516 2287 facio
547 2235 623 2289 terra
639 2235 732 2290 mater
747 2227 835 2288 estin
851 2227 947 2287 medio
963 2226 1045 2328 qqasi
1062 2239 1161 2288 ovum
1165 2249 1235 2291 cor·

127 2311 293 2384 rotundata,
308 2319 337 2371 et
351 2310 449 2372 omnia
464 2311 564 2373 bona'
556 2332 586 2375 m
602 2334 633 2376 se
647 2313 735 2374 babet
748 2320 885 2391 tanquam
899 2301 1004 2372 favus.²

72 2403 112 2462 40
208 2388 351 2476 ‘'sophos
364 2395 490 2459 universi
512 2397 720 2461 clamamuset
739 2395 859 2458 sublatis
880 2395 1014 2456 manibus
1036 2397 1071 2457 ad
1087 2412 1236 2461 camaram

128 2483 257 2544 iuramus
280 2481 478 2561 llipparcbum
499 2484 679 2580 Aratumque
704 2481 920 2560 comparandos
939 2478 985 2542 illi
1011 2481 1145 2554 homiues
1171 2501 1236 2546 non

18 2601 23 2606 -
126 2568 226 2640 fuisse,
247 2567 343 2628 donec
358 2567 536 2630 advenerunt
550 2567 676 2630 ministri
692 2585 725 2627 ao
739 2566 842 2628 toralia
856 2573 1090 2647 praeposuerunt
1103 2567 1187 2642 toris,
1203 2568 1235 2630 in

128 2653 234 2731 quibus
253 2653 323 2713 retia
343 2659 425 2713 erant
443 2653 519 2733 picta
539 2653 785 2731 subsessoresque
799 2671 866 2714 cum
881 2652 1029 2714 venabulis
1043 2659 1071 2713 et
1085 2659 1166 2713 totus
1183 2672 1236 2714 ve-

127 2738 253 2799 nationis
270 2743 436 2816 apparatus.
460 2739 586 2800 necdum
601 2736 775 2812 sciebamus,
791 2757 846 2818 quo
859 2738 1039 2800 mitteremus
1051 2737 1234 2816 suspitiones

127 2830 261 2893 nostras,
283 2841 350 2882 cum
370 2830 448 2884 extra
469 2822 626 2884 triclinium
647 2823 758 2884 clamor
772 2823 903 2885 sublatus
919 2831 964 2885 est
978 2823 1097 2901 ingens,
1119 2830 1148 2883 et
1167 2842 1235 2886 ecce

128 2926 214 2968 canes
231 2907 364 2969 Laconici
380 2908 466 2969 etiam
482 2907 557 2968 circa
572 2925 704 2968 mensam
721 2908 883 2970 discurrere
898 2916 1066 2986 coeperunt
1097 2915 1233 2970 secutum

128 2999 173 3053 est
187 2993 244 3053 hos
259 2992 476 3071 repositorium,
493 2992 522 3052 in
535 3011 593 3072 quo
605 2993 722 3072 positus
734 3001 796 3054 erat
807 2993 918 3072 primae
930 2991 1139 3070 magnitudinis
1152 3011 1232 3072 aper,

127 3084 155 3137 et
171 3077 287 3156 quidem
303 3077 448 3158 pilleatus,
471 3075 584 3138 ecuins
605 3077 740 3139 dentibus
763 3077 917 3157 sportellae
937 3077 1140 3156 dependebant
1160 3078 1234 3144 duae

126 3162 263 3241 palmulis
277 3170 380 3234 textae,
396 3163 482 3224 altera
495 3162 628 3242 caryotis,
645 3163 732 3223 altera
747 3162 887 3224 thebaicis
903 3163 1020 3241 repleta.
1047 3162 1122 3223 circa
1134 3170 1232 3226 autem

7 3280 15 3295 ·
127 3248 256 3309 minores
276 3247 398 3326 porcelli
418 3266 452 3307 ex
474 3247 702 3326 coptoplacentis
722 3247 804 3320 tacti,
829 3247 912 3327 quasi
932 3247 1072 3308 uberibus
1093 3248 1233 3311 immine-

126 3341 206 3405 rent,
228 3332 355 3394 scrofam
375 3350 438 3392 esse
452 3332 580 3410 positam
597 3331 805 3410 significabant.
835 3332 909 3393 ethi
924 3332 1043 3411 quidem
1059 3333 1234 3412 apophoreti

125 3418 255 3479 fuerunt.
286 3424 413 3479 ceterum
434 3416 469 3478 ad
490 3416 683 3477 scindendum
705 3435 808 3496 aprum
829 3435 889 3477 non
910 3416 955 3477 ille
971 3417 1082 3496 Carpus
1098 3419 1230 3491 accessit,

126 3505 174 3583 qui
190 3502 275 3564 altilia
289 3501 474 3573 laceraverat,
492 3500 543 3561 sed
558 3500 697 3562 barbatus
713 3501 827 3580 ingens,
841 3501 940 3562 fasciis
956 3502 1117 3563 cruralibus
1133 3502 1232 3583 alliga·

125 3596 173 3649 tus
189 3596 217 3649 et
232 3587 331 3649 alicula
347 3586 525 3647 subornatus
540 3585 689 3666 polymita,
706 3585 866 3666 strictoque
881 3588 1031 3648 venatorio
1048 3587 1140 3649 cultro
1156 3587 1230 3650 latus

126 3673 189 3752 apri
203 3673 389 3733 vehementer
403 3669 557 3749 percussit,
573 3691 609 3732 ex
624 3672 705 3732 cuius
720 3672 805 3751 plaga
820 3672 897 3734 turdi
917 3672 1109 3734 evolaverunt.
1139 3672 1232 3752 parati

125 3774 253 3835 aucupes
269 3773 336 3817 cum
352 3754 565 3816 harundinibus
579 3757 700 3819 fuerunt
687 3763 742 3818 tet
757 3776 809 3818 eos
825 3758 899 3819 circa
910 3756 1067 3819 triclinium
1080 3757 1231 3820 volitantes
1267 3764 1270 3768 '

125 3847 276 3903 momento
292 3846 475 3942 exceperunt
505 3840 573 3903 inde
590 3861 657 3903 curn
674 3861 760 3904 suum
777 3843 880 3922 cuique
895 3843 1032 3904 iussisset
1045 3843 1147 3905 referri
1163 3843 1230 3905 Tri·

125 3926 250 3988 malchio
265 3924 381 3985 adiecit.
393 3915 491 3987 ‘etiam
507 3925 608 4000 videte,
625 3946 713 4026 quam
728 3946 836 4008 porcus
851 3929 897 3990 ille
913 3929 1059 3991 silvaticus
1073 3935 1166 3990 totam
1179 3948 1231 3992 co-

125 4011 248 4073 mederit
261 4003 416 4128 glandem'.
439 4019 497 4073 stat
499 4010 537 4072 im
550 4031 633 4092 pueri
626 4012 681 4074 ad
693 4012 846 4094 sportellas
858 4021 1054 4087 accesserunt,
1071 4031 1144 4094 quae
1154 4030 1232 4094 pen-
