2646 4710
167 362 208 425 34
639 357 796 410 ιιιιιιιιιι

165 513 248 593 gulis.
274 531 340 575 cum
357 513 451 575 adhuc
466 511 615 591 capillatus
631 532 738 586 essem,
753 530 822 574 nam
838 531 855 574 a
869 530 962 591 puero
974 513 1061 573 vitam
1074 511 1175 575 Chiam
1188 513 1279 592 gessi,

165 599 263 678 ipsimi
278 600 373 660 nostri
389 599 527 661 delicatus
543 599 676 673 decessit,
691 598 872 660 mehercules
888 600 1087 676 margaritum,
1104 599 1235 662 caccitus
1250 607 1280 662 et

166 685 298 746 omnium
314 703 480 748 numerum.
511 703 579 746 cum
595 702 665 763 ergo
681 685 761 746 illum
777 691 869 745 mater
884 684 994 745 misella
1010 684 1161 763 plangeret
1175 692 1206 747 et
1220 704 1278 747 nos

165 777 228 832 tum
240 772 339 850 plures
351 773 379 832 in
392 771 571 833 tristimonio
584 788 725 845 essemus,
741 770 839 832 subito
852 770 958 848 strigae
969 771 1090 832 stridere
1102 777 1279 850 coeperunt;

165 864 285 936 putares
297 875 400 919 canem
410 857 542 937 leporem
554 857 700 936 persequi.
724 856 904 917 habebamus
915 863 986 916 tunc
997 855 1149 917 hominem
1162 857 1280 937 Cappa-

165 944 279 1015 docem,
295 942 428 1022 longum,
444 942 525 1003 valde
540 942 712 1003 audaculum
730 943 818 1021 etqui
830 941 942 1003 valebat
955 943 1087 1021 [poterat]
1101 943 1207 1004 bovem
1219 943 1278 1007 ira-

164 1034 228 1090 tum
248 1028 358 1090 tollere.
389 1029 437 1089 bic
455 1029 592 1090 audacter
612 1027 713 1089 stricto
735 1027 829 1106 gladio
851 1034 930 1088 entra
951 1028 1061 1088 ostium
1081 1030 1279 1108 procucurrit,

164 1113 293 1175 involuta
313 1112 433 1175 sinistra
450 1131 541 1175 manu
561 1113 692 1187 curiose,
713 1120 742 1174 et
761 1113 913 1174 mulierem
928 1118 1066 1192 tanquam
1082 1114 1222 1177 hocloco
1237 1150 1279 1163 —

167 1199 279 1260 salvum
295 1201 334 1260 sit
349 1199 428 1279 quod
444 1207 532 1278 tango
548 1233 588 1243 —
604 1199 730 1260 mediam
746 1198 865 1260 traiecit.
895 1199 1031 1260 audimus
1047 1200 1200 1278 gemitum,
1217 1201 1280 1275 scd,

164 1285 253 1365 plane
268 1302 329 1346 non
345 1285 484 1358 mentiar,
505 1285 584 1365 ipsas
605 1303 668 1346 non
686 1284 822 1345 vidimus.
852 1284 923 1345 baro
944 1292 1039 1346 autem
1059 1293 1162 1348 noster
1181 1287 1279 1349 intro-

167 1390 270 1432 versus
288 1390 319 1432 se
334 1371 457 1450 proiecit
476 1371 507 1431 in
522 1372 629 1431 lectum
645 1379 674 1431 et
689 1390 795 1449 corpus
811 1377 907 1431 totum
922 1370 1040 1433 lividum
1056 1370 1179 1433 habebat
1195 1373 1279 1452 quasi

165 1457 284 1536 flagellis
301 1475 418 1529 caesus,
436 1457 502 1535 quia
518 1457 628 1518 scilicet
641 1456 725 1518 illum
740 1458 872 1535 tetigerat
886 1456 961 1518 mala
976 1474 1090 1519 manus.
1121 1476 1178 1519 nos
1195 1459 1279 1520 cluso

149 1542 242 1604 *ostio
259 1543 388 1604 redimus
409 1543 515 1603 iterum
536 1543 572 1602 ad
593 1542 736 1615 officium,
756 1544 808 1604 sed
825 1561 891 1603 cum
907 1549 1000 1604 mater
1015 1542 1194 1622 amplexaret
1209 1563 1280 1606 cor-

165 1646 221 1708 pus
237 1628 288 1688 tilii
303 1628 363 1699 sui,
380 1627 474 1705 tangit
487 1635 515 1689 et
529 1627 607 1687 videt
622 1627 817 1689 manuciolum
833 1628 868 1687 de
884 1630 1050 1689 stramentis
1065 1628 1185 1692 factum.
1217 1648 1279 1691 non

167 1732 218 1775 cor
234 1713 366 1785 habebat,
382 1731 443 1774 non
456 1714 602 1785 intestina,
619 1731 680 1773 non
694 1715 863 1792 quicquamz
881 1714 991 1775 scilicet
1002 1714 1059 1775 iam
1070 1732 1195 1793 puerum
1209 1715 1279 1778 stri·

166 1817 221 1878 gan
235 1799 436 1861 involaverant
455 1807 483 1859 et
503 1807 724 1879 supposuerant
744 1798 974 1860 stramenticium
994 1808 1174 1862 vavatonem.
1204 1815 1279 1881 rogo

164 1903 234 1956 vos,
258 1891 375 1963 oportet
391 1884 528 1958 credatis,
546 1892 616 1946 sunt
629 1885 766 1946 mulieres
783 1885 940 1964 plussciae,
964 1894 1033 1946 sunt
1053 1892 1231 1962 nocturnae,
1252 1893 1280 1948 et

167 1971 245 2050 quod
266 1988 385 2032 sursum
401 1976 459 2043 est,
480 1971 619 2032 deorsum
639 1971 758 2031 faciunt.
738 1979 821 2032 cte
823 1978 917 2031 terum
937 1971 1008 2033 baro
1028 1971 1073 2032 ibe
1087 1972 1194 2050 longus
1210 1980 1280 2052 post

165 2057 223 2116 hoc
236 2056 346 2117 lactum
362 2073 515 2158 nunquam
532 2056 639 2118 coloris
656 2076 701 2118 sui
694 2056 801 2130 'fuit
759 2064 885 2118 tammo
901 2065 972 2136 post
987 2075 1097 2136 paucos
1114 2057 1176 2119 dies
1188 2059 1279 2137 phre-

168 2142 280 2203 neticus
297 2132 399 2220 periit?

111 2236 151 2296 64
251 2226 393 2288 miramur
412 2243 468 2287 nos
489 2234 517 2286 et
535 2227 644 2305 pariter
664 2227 825 2305 credimus,
847 2228 1027 2307 osculatique
1041 2246 1175 2290 mensam
1190 2247 1278 2308 roga-

167 2320 234 2374 mus
250 2312 326 2374 Noct
313 2319 424 2388 turnas,
440 2321 472 2374 ut
487 2312 548 2373 suis
565 2331 597 2373 se
612 2312 726 2374 sedibus
740 2320 865 2386 teneant,
883 2314 953 2374 dum
968 2315 1098 2376 redimus
1114 2334 1130 2376 a
1146 2333 1232 2377 cena*

252 2491 369 2546 etsane
389 2484 446 2545 iam
465 2484 600 2545 lucernae
619 2483 691 2545 mihi
709 2485 808 2564 plures
823 2484 957 2546 videbant
946 2493 993 2547 tur
1008 2486 1169 2547 arderet
1124 2492 1169 2546 tot
1170 2503 1278 2566 umque

165 2566 323 2631 triclinium
339 2590 404 2632 csse
415 2577 509 2632 muta
511 2589 569 2641 um,
587 2589 653 2630 cum
667 2563 863 2632 Trimalchio
866 2572 919 2632 ιιι
931 2562 1024 2632 dico
1017 2572 1111 2651 inquit
1121 2564 1278 2647 ‘Plocame‚

167 2655 239 2716 nihil
254 2653 378 2717 narras?
394 2656 465 2718 nihil
480 2674 536 2716 nos
554 2653 726 2716 delectaris?
742 2663 771 2717 ιι
759 2657 900 2718 tsolehas
917 2657 1033 2718 suavius
1049 2676 1127 2727 esse,
1144 2657 1217 2719 ιιιιι
1233 2658 1277 2720 di-

167 2741 264 2802 verbia
279 2743 384 2815 dicere,
399 2743 500 2804 melica
512 2741 667 2802 canturire.
689 2742 747 2802 heu
756 2743 822 2817 heu,
834 2742 933 2804 abistis
946 2743 1035 2804 dulcis
1049 2734 1177 2804 caricae.
1199 2734 1276 2805 iam’

167 2826 263 2905 inquit
276 2827 323 2887 ille
334 2818 507 2905 ‘quadrigae
522 2846 604 2889 meae
619 2829 853 2902 decucurrerunt,
870 2848 903 2888 ex
919 2847 977 2907 quo
993 2827 1169 2907 podagricus
1184 2828 1278 2890 factus

168 2929 243 2971 sum.
274 2911 401 2990 alioquin
418 2930 484 2972 cum
500 2932 595 2972 essem
612 2912 862 2983 adulescentulus,
884 2920 950 2972 cant
939 2915 1027 2972 tando
1042 2931 1134 2991 paene
1149 2914 1204 2991 pht
1192 2915 1278 2975 thisi-

168 3014 218 3056 cus
244 2996 337 3056 factus
365 3014 440 3057 sum
476 2998 620 3075 quidt
566 2997 620 3056 salt
621 2993 691 3057 are?
718 2998 787 3076 quid
808 2994 957 3057 diverbia?
985 2998 1054 3092 quid
1073 2996 1277 3061 tonstrinum?

167 3100 255 3177 quem
271 3100 372 3161 parem
384 3081 482 3154 habui,
498 3081 554 3142 nisi
566 3100 657 3142 unum
670 3080 781 3159 Apellet
769 3073 864 3142 ιιιιιι)
888 3082 1006 3161 apposit
1008 3101 1081 3162 aque
1093 3083 1128 3143 ad
1141 3104 1175 3145 os
1188 3103 1277 3147 manu

166 3166 266 3227 nescio
283 3168 380 3246 quidt
381 3187 413 3227 ae
414 3174 492 3229 trum
506 3166 646 3228 exibilavit
635 3168 750 3244 t,quod
762 3167 1019 3265 posteaGraecum
1029 3187 1093 3229 esse
1105 3168 1276 3232 affirmabat

249 3271 304 3313 nec
316 3270 376 3313 non
387 3253 581 3315 Trimalchio
575 3271 638 3331 ipse
651 3260 739 3313 cumt
727 3252 871 3314 tubicines
883 3260 960 3314 esset
971 3253 1021 3314 imi
1022 3262 1109 3327 atus,
1117 3255 1153 3315 ad
1163 3255 1276 3319 delicias

168 3357 236 3400 suas
251 3339 388 3418 respexit,
404 3358 491 3418 quem
507 3339 647 3400 Croesum
660 3339 831 3419 appellabat.
861 3358 936 3418 puer
947 3347 1042 3401 autem
1054 3340 1162 3421 lippus,
1180 3341 1276 3403 sordi·

167 3423 297 3485 dissimis
313 3425 462 3499 dentibus,
483 3425 612 3486 catellam
631 3424 745 3501 nigram
766 3432 851 3504 atquc
870 3425 1038 3487 indecenter
1052 3427 1192 3506 pinguem
1208 3446 1276 3506 pra-

167 3510 230 3572 sina
248 3511 411 3573 involvebat
429 3512 519 3572 fascia
539 3528 703 3588 panemque
724 3529 887 3571 semessum
908 3510 1036 3591 ponebat
1059 3530 1148 3591 super
1168 3519 1275 3584 torum,

168 3604 254 3674 atque
287 3597 344 3658 hoc
370 3615 478 3656 nausea
504 3602 688 3656 recusantem
713 3596 870 3697 saginabat
910 3616 968 3677 quo
994 3598 1162 3658 admonitus
1188 3598 1276 3659 officii

168 3679 346 3742 Trimalchio
364 3680 509 3758 Scylacem
530 3681 614 3741 iussit
629 3680 732 3741 adduci
761 3682 936 3760 praesidium
954 3683 1060 3744 domus
1076 3674 1275 3763 familiaeque?
1304 3692 1308 3696 ’

167 3783 221 3826 nec
235 3785 328 3839 mora,
344 3766 468 3863 ingentis
482 3766 596 3827 formae
611 3762 718 3826 adduct
707 3773 754 3827 tus
770 3774 815 3827 est
826 3767 905 3828 canis
918 3777 1017 3830 catena
1030 3770 1109 3830 vinct
1111 3788 1155 3841 us,
1172 3769 1275 3829 admo-

167 3851 305 3929 nitusque
324 3851 435 3912 ostiarii
456 3852 543 3924 calce,
567 3859 599 3912 ut
587 3852 750 3925 tct,ubare
777 3860 843 3914 ante
863 3874 994 3916 mensam
1016 3854 1176 3959 seposuit
1213 3862 1276 3916 tum

167 3936 342 3998 Trimalchio
364 3937 472 3999 iactans
494 3937 655 3999 candidum
670 3956 774 4016 panem
792 3929 908 3999 ‘nemo’
925 3941 1020 4023 inquit
1035 3933 1080 4001 ‘in
1102 3940 1191 3999 domo
1212 3960 1276 4002 mea

168 4040 216 4084 me
230 4024 297 4104 plus
313 4031 399 4086 amat.
378 4015 600 4103 t'indignatus
613 4043 696 4104 puer,
712 4024 791 4104 quod
804 4025 951 4104 Scylacem
963 4034 1023 4088 tam
1036 4027 1127 4087 elluse
1138 4025 1277 4102 laudaret,
