2646 4710
565 392 706 446 sarman
1150 387 1187 449 ll

169 636 325 710 operuerat
335 629 468 709 Ascyltos
484 628 569 707 pallio
583 557 678 709 cupiit,
692 629 859 691 admonitus
873 628 982 690 scilicet
993 626 1188 708 periculosum

83 733 148 776 esse
163 715 263 776 alienis
278 715 452 777 intervenire
467 715 587 776 secretis
631 798 651 840 ,Β

170 872 241 933 duos
262 870 376 932 institas
399 871 500 933 ancilla
520 869 643 950 protulit
663 872 698 932 de
717 871 783 932 sinu
804 871 948 951 alteraque
963 872 1053 950 pedes
1069 877 1189 932 nostros

82 955 216 1036 alligavit,
232 957 319 1018 3199333
334 977 439 1019 manus
631 1039 650 1081 *

168 1114 300 1195 Ascyltos
321 1115 378 1175 iam
394 1114 544 1176 deficiente
558 1114 722 1175 fabularum
738 1121 875 1175 contextu
887 1104 973 1193 ‘quid
993 1105 1076 1191 ergo'
1096 1112 1191 1193 inquit

77 1192 151 1260 ‘nou
172 1218 239 1262 sum
240 1200 363 1302 dignus
387 1201 436 1280 qui
458 1190 590 1261 131133339’
617 1199 757 1261 3331113
734 1218 796 1260 risu
815 1218 880 1260 meo
898 1198 1014 1278 prodita
1031 1199 1192 1277 complosit

81 1292 229 1346 manuset
240 1277 377 1389 ‘apposui
395 1285 554 1387 quidem..
570 1278 776 1357 adulescens3
789 1285 894 1346 solust
882 1291 979 1345 amen
992 1283 1190 1345 medicamen

80 1378 145 1431 tum
161 1363 294 1431 ebibisti.
312 1363 405 1432 ‘itane
417 1363 519 1431 est?'’
512 1370 605 1449 333319
617 1370 756 1445 Quartilla
768 1361 916 1450 ‘quicquid
929 1389 960 1432 33
962 1370 1098 1450 tyrirt
1020 1369 1110 1444 'fuit‚
1128 1370 1189 1431 En-

81 1455 195 1536 colpius
212 1447 339 1517 ebibit?

630 1537 650 1580 3

167 1611 229 1656 333
243 1595 396 1658 indecenti
403 1593 467 1656 risu
480 1595 569 1655 latera
586 1595 746 1657 commovit

629 1691 648 1733 a

166 1771 200 1814 33
214 1771 252 1814 33
267 1750 316 1813 Git
303 1759 355 1813 ton
371 1751 489 1849 quidem
505 1751 556 1813 319
535 1758 608 1813 9333
624 1751 718 1813 risum
732 1750 835 1826 tenuit,
850 1752 950 1847 utique
961 1758 1119 1831 postquam
1131 1752 1190 1814 313-

82 1839 206 1916 guncula
222 1838 364 1900 cervicem
379 1837 441 1899 eius
457 1837 603 1898 1333319939
617 1855 678 1897 non
694 1845 857 1916 repugnant
857 1837 866 1897 1
881 1856 974 1916 puero
990 1837 1190 1941 innumerabi-

80 1924 117 1986 113
133 1925 230 1986 333313
247 1924 326 1985 dedit
631 2005 651 2047 ,κ

166 2079 334 2141 volebamus
350 2079 450 2141 miseri
466 2080 634 2151 exclamare,
651 2079 701 2141 sed
717 2096 772 2139 333
786 2077 816 2138 13
832 2077 937 2139 auxilio
953 2085 1013 2139 3339
1025 2077 1189 2158 quisquam,
1206 2083 1245 2144 21

80 2173 110 2226 39
129 2164 198 2227 13133
211 2166 324 2246 Psyche
345 2184 398 2226 333
421 2165 581 2226 comatoria
603 2164 729 2244 cupienti
748 2164 819 2224 mibi
840 2164 975 2224 invocare
991 2165 1138 2237 Quiritum
1154 2165 1190 2224 fi-

80 2252 148 2312 dem
169 2251 261 2312 malas
280 2251 441 2331 pungebat,
462 2251 540 2312 illinc
560 2251 652 2329 puella
668 2248 813 2332 penicillo,
831 2250 911 2329 quod
926 2257 954 2310 et
968 2251 1065 2330 ipsum
1082 2251 1189 2331 satyrio

79 2336 212 2410 tinxerat,
229 2337 366 2416 Ascylton
383 2336 566 2416 opprimebat
630 2420 650 2462 a

167 2493 217 2554 319
197 2500 270 2553 3333
293 2493 430 2554 cinaedus
452 2491 607 2571 superveni
609 2499 743 2589 93333933
758 2492 936 2553 subornatus
953 2492 1112 2571 gausapina
1128 2492 1191 2554 cin-

80 2578 207 2657 guloque
227 2577 437 2639 3333133933..
451 2579 632 2638 33.οι139
585 2585 632 2638 339
634 2578 706 2640 ortis
727 2596 783 2639 333
804 2577 937 2638 clunibus
958 2578 1074 2651 cecidit,
1100 2579 1190 2638 modo

78 2664 171 2725 basiis
188 2662 358 2723 olidissimis
374 2663 542 2760 inquinavit,
557 2663 652 2724 donec
668 2654 805 2736 Quartilla
820 2662 997 2724 balenaciam
1014 2673 1116 2724 tenens
1131 2661 1190 2723 313-

79 2768 145 2828 gam
162 2748 274 2828 31993333
289 2748 457 2809 succincta
450 2748 537 2809 333319
525 2748 712 2810 9131311311313
728 2749 790 2810 dari
805 2748 978 2847 missionem

623 2857 644 2896 3

165 2940 287 3012 3933333
308 2938 445 2993 nostrum
460 2931 691 3010 religiosissimis
712 2932 815 2994 iuravit
828 2931 937 3005 verbis,
954 2932 1099 2995 13933333
1114 2933 1189 2997 duos

78 3018 242 3099 periturum
259 3037 324 3079 csse
340 3025 400 3078 tam
415 3016 554 3079 horribile
569 3025 714 3079 secretum

629 3123 649 3165 3

165 3193 348 3254 intraverunt
373 3192 555 3272 palaestritae
582 3193 749 3272 complures
775 3200 805 3254 39
829 3212 885 3254 333
905 3193 1034 3273 legitime
1052 3196 1189 3274 perfusos

80 3278 145 3340 oleo
161 3280 333 3340 refecerunt.
362 3286 511 3374 39333333
531 3297 601 3356 ergo
622 3278 794 3339 lassitudine
814 3278 924 3340 abiecta
940 3287 1024 3341 33339
1011 3280 1086 3342 93313
1101 3300 1189 3377 repc-⁸

77 3365 219 3426 timust
191 3373 219 3426 ct
238 3365 268 3425 in
289 3364 453 3445 proximam
473 3363 571 3424 3311333
594 3363 672 3423 ducti
650 3371 810 3436 tsumus‚
831 3363 860 3423 in
882 3384 938 3442 333
953 3373 1012 3426 9333
1027 3366 1136 3427 133919
1108 3385 1122 3426 3
1124 3366 1190 3427 93391

78 3457 202 3511 333393
187 3450 370 3527 3933113333
395 3448 571 3509 lautitiarum
594 3457 750 3527 apparatus
772 3449 1008 3546 splendidissime
1028 3452 1188 3548 expositus.

79 3535 152 3597 13331
168 3553 237 3614 ergo
255 3534 467 3608 discubuimus
484 3541 512 3594 et
527 3541 611 3612 gusta
612 3535 692 3595 tione
704 3534 844 3596 mirifica
837 3534 939 3595 initiati
950 3534 1019 3595 3133
1033 3536 1119 3596 etiam
1131 3536 1188 3597 ra-

79 3621 161 3682 lerno
182 3621 369 3681 inundamur
405 3619 515 3722 excepti
536 3619 623 3680 ctiam
645 3620 792 3722 pluribus
797 3621 917 3683 ferculis
937 3638 1003 3681 cum
1024 3620 1189 3683 laberemur

78 3707 109 3767 in
125 3724 282 3778 somnum,
301 3698 394 3766 ‘itane
414 3697 609 3785 3399133319
629 3697 792 3778 Quartilla‘
801 3705 886 3768 etiam
907 3706 1035 3768 dormire
1054 3706 1188 3768 vobisrn

78 3799 175 3854 333393
191 3799 245 3866 339,
261 3809 328 3852 cum
344 3790 416 3853 33139
417 3790 441 3852 13
457 3791 555 3871 Priapi
570 3791 656 3869 genio
671 3790 853 3871 pervigilium
871 3782 1005 3852 deberi?'

628 3895 648 3939 313
868 3916 873 3929 .

164 3984 232 4028 cum
251 3964 385 4046 Ascyltos
410 3972 507 4045 gravat
508 3984 542 4026 us
568 3972 613 4028 tot
600 3964 752 4028 9333113
744 3983 774 4024 33
796 3982 936 4026 somnum
958 3965 1067 4028 labere
1055 3973 1116 4040 33,
1141 3966 1188 4027 illa
1202 3968 1243 4030 22

80 4068 153 4130 3333
164 4050 269 4112 iniuria
278 4051 396 4131 depulsa
404 4051 498 4112 fuerat
506 4051 704 4113 ancillatotam
714 4049 817 4111 1331333
827 4049 1015 4130 eiusfuligine
1023 4051 1109 4130 longa
1116 4070 1185 4132 per·
1226 4086 1233 4094 -
