2646 4710
487 366 630 420 sarthan

107 522 142 584 ad
159 520 295 601 praedam
311 521 524 600 strepitumque
539 521 610 583 lucri
625 523 762 601 suffragia
776 529 901 584 vertunt.
983 593 984 598 .

106 606 215 667 venalis
231 606 373 686 populus,
390 607 496 668 venalis
513 607 589 668 curia
605 615 731 686 patrum.

23 767 26 775 ¹
106 699 152 752 est
165 691 248 752 favor
262 691 291 751 in
307 691 409 771 pretio.
438 692 558 753 senibus
571 691 688 772 quoque
702 692 791 754 libera
806 694 897 754 virtus

106 775 264 849 exciderat,
281 777 450 856 sparsisque
466 778 573 856 opibus
589 796 728 839 conversa
744 786 888 858 potestas,

105 861 228 942 ipsaque
243 863 377 922 maiestas
393 881 465 923 auro
481 872 619 941 corrupta
633 863 751 924 iacebat.

106 948 223 1027 pellitur
237 966 253 1006 a
267 947 377 1026 populo
392 947 485 1008 victus
502 947 586 1021 Cat03
600 949 711 1009 tristior
726 949 772 1008 ille
787 957 846 1019 θεῖ,

107 1031 156 1113 qui
171 1031 253 1104 vicit,
269 1032 421 1110 fascesque
435 1032 527 1112 pudet
540 1034 672 1112 rapuisse
687 1033 797 1096 Catoni.

110 1120 245 1195 [namque
259 1118 317 1177 hoc
332 1117 483 1179 dedecoris
498 1120 609 1198 populo
625 1138 801 1199 morumque
815 1121 909 1197 ruina]

108 1219 169 1264 non
185 1203 275 1261 homo
291 1203 394 1281 pulsus
405 1211 485 1288 erat,
502 1205 552 1264 sed
568 1205 598 1264 in
614 1223 672 1264 uno
690 1205 761 1266 victa
778 1212 909 1284 potestas

107 1287 333 1365 Romanumque
348 1288 446 1350 decus.
477 1307 564 1367 quare
579 1297 638 1349 tarn
655 1290 768 1369 perdita
784 1289 876 1352 Roma

106 1373 169 1452 ipsa
187 1371 233 1432 sui
248 1391 360 1433 merces
376 1381 437 1433 erat
452 1381 480 1433 et
495 1374 557 1433 sine
573 1375 684 1435 vindice
699 1374 814 1453 praeda.

106 1463 255 1537 praeterea
271 1458 387 1536 gemino
404 1459 578 1537 deprensam
594 1460 706 1538 gurgite
722 1459 834 1537 plebem

106 1542 235 1603 faenoris
251 1543 371 1603 inluvies
386 1562 517 1622 ususque
532 1546 667 1606 exederat
681 1544 765 1606 aeris.

106 1627 183 1689 nulla
199 1635 245 1688 est
260 1637 337 1689 certa
352 1629 472 1701 domus,
487 1630 598 1690 nullum
614 1631 679 1690 sine
696 1630 817 1709 pignore
833 1648 955 1711 corpus,

106 1712 158 1774 sed
174 1712 258 1774 veluti
273 1713 353 1775 tabes
369 1714 463 1775 tacitis
479 1723 618 1794 concepta
634 1715 767 1776 medullis

106 1798 181 1860 intra
196 1799 327 1859 membra
342 1799 443 1860 furens
459 1802 536 1862 curis
551 1801 722 1861 latrantibus
738 1809 822 1862 errat.

107 1903 189 1947 arma
204 1884 320 1961 placent
334 1885 465 1958 miseris,
481 1880 642 1964 detritaque
658 1885 813 1947 commoda
828 1886 896 1947 luxu

107 1968 276 2030 vulneribus
291 1978 472 2048 reparantur.
502 1970 590 2050 inops
606 1971 722 2031 audacia
737 1978 799 2032 tuta
813 1978 867 2032 est.

105 2055 163 2116 hoc
177 2073 305 2116 mersam
321 2074 409 2117 caeno
425 2056 554 2116 Romam.
565 2074 731 2134 somnoque
745 2055 887 2118 iacentem
908 2056 910 2061 ’

108 2158 181 2220 quae
197 2148 333 2219 poterant
348 2148 425 2201 artes
442 2158 512 2202 sana
527 2142 640 2201 ratione
654 2160 786 2212 movere,

105 2226 136 2286 ni
149 2225 233 2286 furor
247 2233 275 2286 et
289 2225 395 2286 bellum
411 2226 548 2305 ferroque
562 2226 653 2288 excita
667 2223 780 2287 libido?

150 2317 211 2370 tres
227 2311 331 2371 tulerat
345 2311 474 2373 Fortuna
491 2313 594 2385 duces,
609 2331 685 2391 quos
701 2312 799 2373 obruit
813 2329 917 2373 omnes

105 2413 256 2457 armorum
272 2404 351 2457 strue
366 2396 479 2457 diversa
492 2398 587 2459 feralis
604 2399 696 2478 Enyo.

106 2479 243 2557 Crassum
259 2480 384 2542 Parthus
400 2482 500 2555 hahet,
516 2482 624 2562 Libyco
640 2483 713 2543 iacet
727 2501 853 2562 aequore
867 2482 1003 2562 Magnus,

106 2565 196 2628 lulius
211 2566 352 2645 ingratam
369 2567 495 2646 perfudit
509 2569 650 2645 sanguine
664 2567 803 2641 Romam,

106 2657 137 2712 et
150 2651 232 2730 quasi
247 2669 309 2712 uon
325 2660 427 2731 posset
440 2659 486 2714 tot
499 2653 583 2713 tellus
598 2654 674 2715 ferre
689 2653 833 2732 sepulcra,

106 2734 204 2797 divisit
222 2737 344 2798 cineres.
374 2737 429 2797 hos
445 2737 537 2816 gloria
552 2738 648 2798 reddit
661 2737 801 2798 honores.

149 2829 194 2883 est
207 2822 290 2883 locus
306 2822 404 2883 exciso
420 2823 536 2901 penitus
552 2823 704 2884 demersus
719 2822 799 2883 hiatu

106 2906 312 2986 Parthenopen
328 2909 404 2969 inter
417 2925 596 2987 magnaeque
611 2907 798 2970 Dicarchidos
814 2927 894 2984 arva,

107 2991 204 3072 Cocyti
219 2993 356 3071 perfusus
372 2998 457 3072 aqua3
472 3012 540 3055 nam
557 2994 692 3074 spiritus,
708 3000 788 3056 extra

107 3077 156 3157 qui
170 3078 255 3149 furit,
272 3079 382 3139 effusus
397 3079 514 3140 funesto
531 3079 678 3159 spargitur
692 3087 783 3140 aestu.

106 3179 168 3223 non
184 3163 255 3224 haec
269 3170 410 3225 autumno
426 3165 510 3226 tellus
526 3166 600 3225 viret
618 3172 667 3226 aut
681 3165 730 3224 alit
744 3162 849 3225 herhas

107 3250 232 3326 caespite
246 3247 339 3309 laetus
355 3267 435 3327 ager,
451 3268 511 3310 non
527 3268 617 3310 verno
633 3267 759 3327 persona
774 3256 860 3311 cantu

106 3331 204 3394 mollia
220 3332 348 3395 discordi
364 3334 487 3413 strepitu
504 3334 624 3413 virgulta
638 3334 788 3407 locuntur,

107 3417 158 3478 sed
174 3417 263 3479 chaos
279 3426 308 3479 et
321 3419 406 3497 nigro
423 3419 582 3498 squalentia
598 3418 712 3498 pumice
728 3437 794 3479 sara

106 3503 232 3582 gaudent
244 3503 325 3565 ferali
340 3504 450 3565 circum
464 3504 604 3566 tumulata
620 3522 772 3584 cupressu.

104 3588 157 3649 has
172 3588 248 3650 inter
263 3589 348 3650 sedes
359 3589 434 3650 [litis
449 3597 530 3671 pater
545 3590 644 3651 extulit
659 3608 710 3650 ora

105 3671 261 3735 bustorum
277 3675 403 3735 flammis
419 3684 448 3737 et
462 3694 532 3737 cana
548 3693 649 3756 sparsa
663 3673 772 3747 favilla,

105 3777 139 3819 ac
152 3759 202 3820 tali
218 3760 365 3821 volucrem
382 3761 544 3823 Fortunam
560 3779 631 3821 voce
646 3759 777 3820 lacessit:

78 3832 203 3906 “rerum
217 3846 414 3906 humanarum
429 3847 652 3925 divinarumque
666 3851 811 3924 potestas,

106 3929 196 4003 Fors,
214 3930 260 4002 cui
276 3930 352 3991 nulla
367 3930 461 4009 placet
475 3931 598 3993 nimium
615 3948 717 3991 secura
732 3937 876 4008 potestas,

106 4033 179 4096 quae
194 4033 268 4078 nora
285 4034 403 4096 semper
417 4034 497 4082 amas
513 4024 542 4080 et
556 4034 626 4078 mox
641 4032 780 4095 possessa
795 4013 947 4094 relinquis,
