2646 4710
78 391 81 394 .
149 355 190 425 τε
406 380 409 384 -
621 355 777 411 nsanonn

168 527 218 578 250
252 509 407 572 abscondit
420 510 499 591 galea
512 510 620 572 metum
637 517 724 590 caput
738 517 824 589 atque
838 511 937 573 relicto

252 594 323 658 orbe
337 596 424 675 fugax
439 595 511 657 [latis
527 596 599 676 petit
612 595 792 676 implacabile
807 614 938 675 ragnum.

250 681 319 742 hnic
333 700 434 742 comcs
449 681 472 742 it
487 681 644 742 summissa
660 682 745 742 l'ides
761 688 790 743 et
806 681 885 743 crine
899 683 996 745 soluto

229 794 230 797 ¹
249 766 361 828 lustitia
377 785 412 828 ac
427 785 561 828 maerens
576 767 668 828 lacera
685 767 848 828 Concordia
865 769 946 845 palla.

250 860 279 914 at
294 861 409 922 contra,
424 853 509 913 sedes
524 851 609 915 Erebi
625 871 680 931 qna
694 861 779 930 rupta
795 853 931 927 dehiscit,

166 953 215 1004 255
250 937 372 1015 emergit
386 936 441 997 late
456 937 527 998 [litis
543 938 666 1009 chorus,
681 937 799 998 horrida
815 938 920 1017 Erinys

252 1029 281 1082 et
294 1022 412 1083 Bellona
429 1024 526 1083 minax
540 1021 712 1101 facibusque
727 1033 836 1083 armata
851 1024 983 1102 Megaera

250 1108 412 1186 Letumque
426 1107 609 1186 Insidiaeque
624 1116 653 1168 et
665 1107 757 1168 lurida
773 1108 875 1169 Mortis
891 1109 995 1187 imago.

252 1211 323 1272 quas
341 1196 416 1254 inter
431 1194 542 1264 Furor,
557 1193 688 1272 abruptis
705 1211 757 1254 cen
773 1192 845 1254 liber
860 1193 995 1266 habenis,

249 1278 440 1356 sanguineum
457 1279 513 1340 late
527 1279 603 1340 tollit
617 1285 706 1357 caput
720 1297 828 1356 oraque
843 1279 920 1340 mille

165 1377 215 1429 260
251 1363 418 1425 vulneribus
434 1364 572 1425 confossa
588 1372 705 1424 cruenta
721 1363 833 1425 casside
849 1364 928 1425 velat.

248 1448 348 1509 haeret
363 1449 487 1510 detritus
501 1449 595 1510 laevae
609 1449 767 1510 Mavortius
783 1449 872 1510 umbo

249 1534 510 1595 innumerabilibus
524 1534 589 1594 telis
604 1534 712 1613 gravis,
729 1543 814 1612 atque
829 1533 964 1612 flagranti

250 1619 348 1698 stipite
363 1618 462 1680 dextra
477 1619 573 1678 minax
587 1619 673 1679 terris
689 1618 822 1680 incendia
838 1627 945 1698 portat.

292 1703 381 1765 sentit
394 1711 471 1765 terra
486 1705 559 1765 deos
574 1711 741 1782 mutataque
756 1705 850 1765 sidera
867 1705 983 1783 pondus

166 1803 215 1855 265
251 1789 417 1870 quaesivere
433 1807 535 1862 suum3
550 1807 675 1869 namque
691 1789 789 1850 omnis
804 1789 882 1868 regin
898 1790 968 1852 caeli

249 1873 279 1936 in
295 1873 385 1954 partis
402 1875 518 1937 diducta
532 1874 600 1936 ruit
629 1875 817 1954 primumque
832 1874 922 1936 bione

249 1959 382 2022 Caesaris
397 1968 460 2022 acta
475 1961 521 2022 sui
535 1959 629 2032 ducit,
646 1979 746 2021 comes
761 1960 877 2022 additur
893 1960 933 2021 illi

248 2045 341 2107 Pallas
356 2053 386 2107 et
400 2045 545 2124 ingestam
561 2053 695 2126 quatiens
710 2045 867 2107 Mavortius
883 2046 1005 2106 hastam.

248 2130 383 2208 hlagnnm
399 2149 466 2192 cum
483 2130 602 2192 Phoebo
618 2149 705 2192 soror
719 2138 748 2192 et
761 2129 886 2210 Cyllenia
901 2131 998 2210 proles

164 2230 214 2282 tto
249 2215 356 2294 excipit
368 2234 403 2276 ac
416 2216 486 2276 totis
501 2215 604 2277 similis
620 2215 790 2295 Tirynthius
804 2216 885 2276 actis.

290 2299 467 2362 intremuere
482 2300 568 2362 tnhne
584 2319 618 2362 ac
632 2300 727 2362 scisso
742 2300 892 2362 Discordia
908 2300 990 2363 crine

248 2385 349 2446 extulit
362 2386 398 2446 ad
414 2402 539 2464 superos
555 2385 686 2465 Stygium
703 2395 798 2465 caput.
828 2386 915 2448 huius
930 2386 961 2447 in
978 2404 1029 2449 ore

248 2478 401 2532 concretus
417 2471 550 2550 sangnis,
564 2479 746 2549 contusaque
760 2471 870 2542 lumina
885 2472 1007 2534 debant:

247 2557 364 2618 stabant
377 2557 464 2618 aerati
479 2556 582 2618 scabra
597 2556 729 2635 rubigine
744 2557 860 2630 dentes,

164 2657 213 2707 275
247 2641 315 2702 taho
330 2641 427 2719 lingua
442 2642 550 2715 linens,
565 2641 687 2703 obsessa
701 2643 878 2704 draconibus
894 2661 958 2716 ora,

248 2732 333 2806 atque
348 2726 423 2788 inter
437 2735 516 2788 torto
532 2727 685 2789 laceratam
701 2737 820 2807 pectore
835 2735 942 2788 vestem

208 2827 211 2830 ·
247 2812 435 2890 sanguineam
451 2813 573 2874 tremula
588 2812 733 2892 quatiebat
746 2813 878 2892 lampada
894 2814 1001 2874 dextra.
1054 2869 1055 2879 ,

247 2896 319 2956 haee
332 2904 365 2956 nt
379 2896 476 2976 Cocyti
491 2897 626 2959 tenebras
642 2907 670 2959 et
685 2897 805 2960 Tartara
821 2897 917 2976 liquit,

246 2981 300 3040 alta
315 2981 388 3060 petit
403 2981 537 3060 gradiens
552 2982 618 3060 iuga
633 2982 741 3042 nobilis
757 2981 936 3060 Appennini,

163 3080 213 3131 280
247 3065 325 3127 unde
340 3084 443 3127 omnes
459 3073 552 3127 terras
567 3075 653 3145 atque
668 3065 765 3126 omnia
780 3067 864 3126 litora
879 3072 980 3146 posset

248 3151 377 3230 aspicere
393 3170 427 3213 ac
440 3158 503 3213 toto
519 3151 665 3213 fluitantes
682 3151 753 3212 orbe
768 3159 911 3225 catervae,

246 3243 332 3315 atque
347 3236 400 3298 has
416 3237 544 3316 erumpit
557 3237 715 3298 furibundo
732 3244 850 3317 pectore
867 3255 966 3298 voees:

220 3313 356 3383 “sumite
370 3339 449 3384 nnnc
464 3330 563 3400 gentes
579 3322 710 3384 accensis
726 3321 873 3382 mentibus
889 3340 982 3394 arma,

247 3408 353 3468 sumite
368 3416 397 3468 et
411 3408 440 3469 iu
456 3408 568 3469 medias
583 3407 729 3468 immittite
744 3407 892 3486 lampadas
908 3407 1004 3468 urbes.

163 3507 212 3557 285
248 3492 390 3564 vincetur,
407 3493 584 3572 quicumque
597 3493 678 3565 latet3
693 3510 753 3553 non
768 3492 876 3553 femina
893 3498 1000 3565 cesset,

246 3595 307 3638 non
324 3596 398 3657 puer
411 3586 461 3638 aut
475 3596 545 3638 aevo
561 3577 619 3638 iam
635 3577 763 3638 desolata
779 3587 929 3650 senectus3

246 3663 310 3742 ipsa
325 3669 431 3724 tremat
445 3661 530 3723 tellus
546 3662 725 3741 lacerataque
740 3669 814 3722 tecta
830 3662 977 3723 rebellent

245 3755 278 3808 tu
293 3747 400 3827 legem,
415 3747 557 3818 Marcelle,
572 3755 646 3809 tene.
676 3755 708 3808 tn
724 3755 848 3808 concute
864 3748 990 3826 plebem,

247 3831 343 3892 Curio.
373 3839 404 3892 tn
419 3833 526 3892 fortem
543 3850 580 3892 ne
597 3831 761 3910 supprime,
776 3832 911 3898 Lentule.
927 3833 1055 3894 Martem.

163 3933 212 3984 290
247 3917 315 3997 qnid
333 3935 421 3995 porro
437 3925 482 3989 tu,
499 3917 575 3989 dive,
589 3915 647 3978 tuis
662 3917 806 3979 cunctaris
821 3918 850 3977 in
866 3917 969 3991 armis,

244 4020 306 4067 non
320 4001 431 4081 frangis
447 4011 563 4082 portas,
579 4020 638 4065 non
655 4002 747 4064 muris
764 4002 871 4082 oppida
887 4002 975 4064 solvis
