2646 4710
158 384 199 450 38
592 438 596 450 Ι
632 369 789 426 3333333

244 553 299 597 333
312 534 387 596 ullus
404 538 449 594 tot
463 531 609 592 malorum
624 527 693 589 linis
708 525 827 597 fuisset,
848 523 905 586 nisi
920 520 1067 601 epidipnis
1084 526 1164 581 esset
1179 519 1275 594 allata,

159 621 237 686 turdi
258 621 386 699 siligine,
407 617 469 679 uvis
491 615 588 696 passis
607 613 789 691 nucibusque
803 610 883 671 farsi.
914 608 1044 668 insecuta
1060 613 1128 668 sunt
1144 606 1275 685 Cydonia

160 709 247 770 etiam
268 706 343 767 mala
364 704 456 784 spinis
477 702 604 773 confixa,
623 706 657 760 ut
676 698 797 759 echinos
819 697 974 757 3111333331.
1009 699 1039 754 31
1057 693 1130 753 baec
1153 691 1272 771 quidem

136 820 140 828 ·
160 790 318 855 tolerabilia
334 797 430 863 erant,
451 787 476 848 si
496 804 558 847 non
578 784 731 845 fericulum
746 784 831 861 longe
847 779 1046 842 monstrosius
1064 778 1224 851 3113313331,
1242 783 1275 838 31

160 878 205 940 331
219 879 298 938 fame
313 876 409 955 perire
424 871 589 934 mallemus.
619 887 687 930 nam
705 888 771 929 cum
787 868 902 949 positus
918 871 1012 937 33331,
1028 871 1061 925 31
1075 881 1131 923 nos
1148 861 1274 943 putaba-

162 982 239 1035 1333,
256 977 343 1023 anser
358 959 444 1020 altilis
460 958 593 1035 circaque
608 955 705 1035 pisces
721 962 750 1015 31
765 954 898 1013 omnium
915 968 1020 1030 genera
1035 950 1148 1018 avium,
1166 948 1271 1010 ...in-

163 1049 225 1128 quit
240 1043 417 1107 Trimalchio
435 1034 589 1122 ‘quicquid
609 1039 714 1100 videtis
734 1039 783 1099 hic
797 1038 941 1117 positum,
961 1038 996 1097 de
1010 1053 1070 1096 uno
1088 1053 1215 1113 corpore
1231 1042 1275 1095 est

162 1122 290 1194 lactum.²
326 1149 396 1209 ego,
418 1128 527 1189 scilicet
546 1128 637 1187 homo
657 1125 922 1205 prudentissimus,
942 1122 1040 1182 statim
1061 1120 1187 1181 intellexi
1208 1119 1275 1200 quid

164 1224 255 1290 33331,
275 1224 304 1277 31
322 1214 481 1294 respiciens
500 1214 749 1291 Agamemnonem
766 1199 924 1271 ‘mirabor'
944 1208 1063 1286 inquam
1081 1197 1156 1267 ‘uisi
1177 1206 1275 1267 omnia

164 1305 220 1365 ista
232 1303 268 1363 de
281 1348 287 1363 .
299 1347 305 1361 .
318 1302 410 1362 ,13313
423 1306 493 1361 sunt
504 1305 555 1358 aut
566 1304 644 1358 certe
655 1297 692 1357 de
703 1297 773 1356 luto.
795 1296 853 1356 vidi
862 1295 972 1355 Romae
980 1291 1184 1354 Saturnalibus
1196 1292 1273 1353 eins-

109 1396 149 1456 70
165 1388 245 1450 modi
267 1404 406 1448 cenarum
426 1384 582 1462 imaginem
602 1373 683 1443 lieri?
712 1381 836 1443 necdum
856 1380 988 1440 finieram
1005 1395 1187 1452 sermonem,
1208 1395 1274 1438 cum

113 4032 151 4092 71

165 1473 341 1535 Trimalchio
358 1471 410 1532 ait:
423 1462 474 1532 ‘ita
490 1487 619 1530 crescam
635 1467 824 1546 patrimonio,
841 1484 902 1527 non
917 1483 1052 1545 corpore,
1068 1470 1101 1524 31
1115 1463 1171 1525 1313
1186 1481 1274 1524 33333

165 1577 250 1620 meus
273 1559 308 1618 de
328 1575 420 1636 porco
440 1555 516 1615 13311.
543 1571 605 1614 333
625 1559 725 1633 potest
745 1572 810 1613 esse
829 1552 988 1632 pretiosior
1006 1550 1109 1610 homo.
1141 1547 1274 1620 volueris

165 1645 202 1705 de
217 1643 299 1703 vulva
313 1642 401 1702 133131
415 1640 542 1718 piscem,
559 1640 594 1699 de
608 1638 690 1699 lardo
706 1637 892 1717 palumbum,
914 1638 949 1698 de
964 1653 1055 1715 perna
1071 1641 1226 1709 turturem,
1243 1635 1276 1695 dc

167 1727 295 1807 colaepio
317 1726 459 1804 gallinam.
490 1733 519 1786 31
536 1725 602 1785 ideo
624 1723 743 1802 ingenio
763 1743 831 1785 meo
852 1723 1025 1802 impositum
1047 1727 1093 1782 est
1111 1720 1149 1780 illi
1166 1738 1275 1781 nomen

165 1811 373 1884 bellissimum3
388 1829 455 1871 nam
470 1810 613 1871 Daedalus
629 1816 757 1870 vocatur.
790 1817 820 1870 et
834 1810 901 1889 quia
915 1809 1024 1870 bonam
1038 1814 1168 1867 mentem
1183 1807 1276 1878 habet,

166 1898 248 1959 attuli
263 1897 303 1957 illi
317 1897 410 1957 Roma
426 1914 533 1956 munus
550 1895 659 1957 cultros
675 1894 782 1955 Norico
798 1885 896 1956 ferro.³
926 1913 1001 1974 quos
1018 1893 1115 1954 statim
1131 1892 1218 1954 iussit
1233 1893 1276 1954 31-

165 1983 236 2045 ferri
262 1983 470 2062 inspectosque
496 1981 619 2042 miratus
640 1987 693 2041 est.
729 1981 816 2041 etiam
836 1980 922 2043 nobis
941 1987 1118 2060 potestatem
1139 1978 1221 2054 13311,
1246 1986 1278 2043 ut

167 2086 338 2130 mucronem
355 2068 391 2129 ad
406 2068 528 2128 buccam
543 2065 745 2146 probaremus.
1155 2116 1157 2121 .

252 2154 350 2215 subito
366 2153 549 2223 intraverunt
564 2154 622 2214 duo
639 2152 723 2226 servi,
738 2160 879 2231 tanquam
894 2151 944 2230 qui
959 2151 1052 2212 rixam
1068 2150 1104 2212 ad
1119 2150 1216 2213 lacum
1235 2151 1278 2211 13-

168 2239 291 2311 cissent3
312 2245 389 2299 certe
409 2237 440 2298 in
459 2238 533 2299 collo
556 2239 651 2299 adhuc
671 2239 829 2316 amphoras
848 2236 1002 2298 habebant.
1032 2255 1099 2297 cum
1120 2254 1190 2316 ergo
1212 2236 1277 2297 Tri-

168 2324 293 2385 malchio
316 2323 362 2384 ius
381 2323 459 2384 inter
478 2323 623 2402 litigantes
643 2324 765 2397 diceret,
786 2333 890 2384 neuter
910 2321 1082 2383 sententiam
1098 2321 1164 2384 tulit
1178 2323 1279 2384 decer-

168 2409 281 2480 nentis,
298 2410 350 2470 sed
366 2408 483 2470 alterius
499 2410 672 2487 amphoram
688 2409 766 2470 13313
781 2409 936 2489 percussit.
967 2409 1145 2470 consternati
1160 2426 1218 2470 nos
1233 2409 1279 2469 in-

168 2494 290 2556 solentia
311 2493 461 2555 ebriorum
477 2494 683 2556 intentavimus
700 2495 801 2555 oculos
817 2496 846 2556 in
863 2495 1038 2574 proeliantes
1053 2494 1280 2575 notavimusque

170 2587 268 2640 ostrea
288 2580 478 2659 pectinesque
498 2600 514 2640 e
534 2580 639 2659 gastris
654 2580 793 2652 labentia,
815 2601 888 2660 quae
904 2581 1023 2642 collecta
1038 2599 1111 2660 puer
1125 2580 1279 2642 lancecir·

101 2700 104 2703 ·
169 2663 311 2726 cumtulit.
342 2666 394 2726 has
411 2666 536 2727 lautitias
552 2666 684 2746 aequavit
699 2666 868 2746 ingeniosus
885 2686 987 2740 cocus3
1003 2667 1032 2727 in
1049 2667 1188 2727 craticula
1201 2667 1280 2728 euim

169 2758 304 2829 argentea
319 2751 451 2812 cochleas
467 2752 562 2813 3113111
577 2760 605 2812 31
619 2753 743 2814 tremula
758 2754 981 2831 taeterrimaque
997 2771 1066 2813 voce
1082 2752 1215 2813 cantavit.

253 2836 345 2912 pudet
359 2837 475 2909 referre,
491 2856 564 2915 quae
579 2845 731 2899 secuntur:
751 2838 883 2899 inaudito
900 2839 977 2898 enirn
993 2856 1076 2899 more
1091 2837 1175 2916 pueri
1190 2838 1279 2918 capil-

167 2919 216 2981 lati
231 2919 391 2980 attulerunt
405 2929 588 2998 unguentum
604 2923 635 2982 in
651 2930 786 2999 argentea
798 2923 879 3000 pelve
891 2922 1038 3002 pedesque
1048 2923 1279 2986 recumbentium

168 3011 326 3077 unxerunt,
342 3023 408 3065 cum
425 3012 491 3065 ante
508 3023 592 3067 crura
606 3007 740 3084 talosque
757 3008 876 3067 corollis
892 3007 1063 3067 vinxissent.
1094 3007 1163 3068 hinc
1178 3029 1213 3070 ex
1229 3028 1280 3071 eo·

169 3091 234 3151 dem
251 3096 400 3168 unguento
415 3090 447 3150 in
462 3089 605 3152 vinarium
621 3099 707 3170 atque
721 3092 870 3153 lucernam
886 3092 1065 3172 aliquantum
1085 3101 1129 3154 est
1148 3093 1280 3173 infusum

253 3259 310 3321 iam
333 3266 468 3339 coeperat
482 3259 641 3323 Fortunata
661 3261 730 3322 velle
746 3262 864 3336 saltare,
880 3262 942 3323 iam·
956 3263 1083 3338 Scintilla
1098 3265 1280 3344 frequentius

167 3345 323 3426 plaudebat
337 3364 424 3424 quam
439 3344 622 3425 loquebatur,
641 3367 706 3408 cum
720 3348 896 3409 Trimalchio
910 3339 1074 3428 ‘permitto'
1089 3350 1185 3430 inquit
1195 3342 1279 3413 ‘Pai-

167 3432 278 3511 largyrc
298 3437 327 3492 et
345 3430 458 3505 Carrio,
477 3432 531 3492 etsi
551 3433 738 3510 prasinianus
759 3453 790 3493 es
810 3434 957 3507 famosus,
979 3435 1025 3495 dic
1045 3443 1073 3496 et
1088 3437 1279 3516 Menophilae,

169 3516 373 3578 contubernali
393 3524 475 3590 tuae,
496 3508 677 3578 discumbat.²
707 3518 776 3596 quid
792 3517 904 3579 mirlta‘?
924 3538 1015 3598 paene
1031 3522 1161 3582 delectis
1178 3523 1279 3584 deiecti

169 3620 282 3675 sumus,
297 3603 370 3663 adeo
385 3609 480 3662 totum
495 3601 651 3661 triclinium
667 3603 774 3664 familia
790 3614 988 3684 occupaverat.
1019 3615 1096 3668 certe
1111 3627 1164 3687 ego
1179 3609 1280 3670 notavi

168 3705 258 3765 super
271 3706 319 3747 me
333 3686 464 3766 positum
480 3704 593 3760 cocum,
608 3686 657 3766 qui
669 3688 705 3748 de
716 3708 808 3767 porco
822 3707 956 3751 anserem
967 3691 1082 3766 fecerat,
1098 3694 1193 3755 muria
1206 3712 1279 3756 con-

168 3771 363 3850 dimentisque
377 3771 525 3833 fetentem.
555 3790 611 3833 nec
626 3781 782 3835 contentus
797 3775 853 3836 luit
867 3776 1052 3852 recumbere,
1070 3780 1122 3841 sed
1138 3780 1278 3842 continuo

167 3856 325 3938 Ephesum
334 3857 505 3935 tragoedum
518 3859 615 3938 coepit
624 3858 732 3920 imitari
744 3868 773 3921 31
784 3861 909 3922 subinde
920 3863 1073 3926 dominnm
1086 3883 1172 3926 suurn
1186 3884 1279 3945 spon-

169 3942 253 4006 sione
266 3960 429 4022 provocare
439 3935 477 4004 ‘si
492 3943 631 4023 prasinus
646 3945 790 4024 proximis
807 3946 982 4009 circensibus
994 3951 1120 4029 primam
1131 3944 1278 4029 palmam’.

254 4026 376 4094 diffusus
391 4029 447 4091 hac
462 4029 649 4092 contentione
666 4030 843 4094 Trimalchio
856 4025 961 4095 ‘amici’
977 4035 1072 4115 inquit
1082 4026 1123 4096 ‘et
1134 4036 1209 4097 servi
1221 4038 1279 4098 bo-
