2646 4710
147 366 187 428 58
622 364 777 418 1111Τῆ0111]

146 519 224 579 fide'
216 537 247 622 33
262 519 409 598 navigium
426 520 720 592 3333333331333333,33
716 539 794 622 quo
810 519 873 624 ipse
884 521 940 581 iam
953 521 1067 618 pridem
1079 521 1169 584 fuerit
1178 541 1248 584 usu

145 621 206 665 rus.
246 623 319 683 qnae
334 613 382 665 au
384 625 429 665 333
445 606 493 666 hro
507 606 630 666 insidiae
645 597 725 665 sunt
741 606 834 684 inquit
844 599 910 666 aut
924 624 989 685 quis
1001 607 1157 668 nobiscum
1170 609 1248 670 1133-

146 689 222 750 nibal
247 687 384 768 navigat?
406 690 509 751 Lichas
530 691 720 761 forentium,
744 691 834 750 bomo
854 691 1122 753 verecundissimus
1142 700 1173 754 et
1189 712 1249 754 non

145 782 257 835 tantum
274 776 361 836 huius
378 775 483 853 3333333
475 775 642 847 dominus,
660 775 738 854 qnod
755 775 836 853 33333,
854 777 905 835 sed
919 776 1079 837 fundorum
1095 778 1183 838 etiam
1200 779 1249 839 ali·

145 866 218 957 quot
233 867 261 920 et
275 860 399 920 familiae
413 860 596 938 negotiantis,
613 879 689 921 onus
705 861 891 921 deferendum
907 862 942 921 ad
958 859 1119 922 mercatum
1137 864 1249 925 condu-

146 945 192 1005 cit
172 946 336 1006 tbict
291 953 336 1005 cst
350 945 472 1024 Cyclops
492 945 540 1005 3113
562 953 590 1006 33
610 945 798 1043 archipirata
820 946 865 1006 cui
885 953 1030 1006 vecturam
1047 947 1204 1022 debemns3
1223 957 1250 1010 33

144 1037 261 1109 3333333
275 1031 354 1091 13333
368 1031 552 1110 Tryphaena,
576 1031 708 1091 omnium
727 1030 902 1091 feminarum
923 1030 1157 1106 formosissima,
1179 1052 1250 1112 qnae

142 1114 284 1218 voluptat'
276 1135 301 1175 33
322 1133 422 1176 caussa
443 1116 549 1175 13333
520 1122 604 1194 atque
619 1117 686 1176 illuc
700 1121 793 1175 vectat
793 1108 848 1175 ur?
877 1108 923 1175 ‘hi
947 1108 1029 1176 sunt²
1048 1116 1143 1196 inquit
1162 1118 1249 1180 Giton

142 1191 234 1277 ‘quos
249 1192 390 1279 fugimus'
407 1201 552 1279 simulque
571 1201 678 1279 raptim
699 1218 817 1261 caussas
839 1201 973 1261 odiorum
994 1208 1023 1261 33
1042 1201 1101 1263 3333
1102 1220 1155 1262 333
1171 1205 1250 1282 3333-

146 1285 242 1345 culum
265 1285 421 1365 trepidanti
436 1287 583 1366 Eumolpo
603 1285 731 1382 exponit.
712 1285 900 1346 tconfusus
920 1286 966 1347 3113
986 1293 1014 1346 33
1033 1288 1146 1348 consilii
1161 1307 1249 1392 egens

146 1370 226 1432 iubet
214 1376 396 1450 tquemque
416 1389 499 1431 33333
521 1371 694 1431 sententiam
716 1389 852 1449 promere
872 1377 900 1431 et
916 1361 1046 1448 ‘lingit'e
1060 1367 1187 1451 inquit‘
1194 1392 1250 1434 nos

55 1523 56 1526 Ἴ
147 1474 184 1516 33
185 1463 264 1516 trum
287 1456 419 1554 Cyclopis
438 1456 571 1516 intrasse.
603 1455 800 1552 quaerendum
822 1463 867 1516 333
886 1456 1001 1534 aliquod
1022 1456 1174 1561 effugium,
1194 1459 1250 1519 3333

146 1541 328 1639 naufragium
341 1542 481 1644 33333333
493 1548 522 1600 33
537 1559 617 1601 omni
610 1541 713 1602 modo
727 1559 782 1601 nos
793 1541 921 1638 periculo
933 1533 1144 1603 liberamnsff‘
1145 1536 1250 1605 immo'

146 1626 346 1705 inquitGiton
364 1619 523 1722 ‘persuade
545 1627 749 1722 gubernatori,
771 1627 851 1686 utrn
872 1626 995 1723 aliquem
1011 1634 1130 1706 portum
1146 1647 1250 1690 narem

147 1712 357 1783 deducat,tnon
374 1711 436 1772 3333
452 1710 582 1790 praemio
598 1711 762 1784 3331333333
776 1711 928 1772 3113333333
946 1711 1145 1789 impatientem
1160 1714 1251 1774 maris

144 1796 202 1857 1333
189 1803 265 1856 trem
284 1804 367 1856 tuum
387 1796 418 1857 33
433 1796 543 1857 ultimis
560 1816 633 1857 esse.
663 1815 701 1875 po
705 1796 774 1857 33333
789 1798 865 1857 13333
880 1797 1095 1858 simulationem
1111 1804 1141 1858 33
1128 1799 1250 1860 3331333

147 1881 369 1944 confusione
340 1887 369 1941 3
388 1881 514 1942 lacrimis
535 1882 723 1952 obumbrare,
744 1889 777 1942 nt
798 1881 999 1943 misericordia
1021 1890 1175 1962 permotus
1187 1902 1249 1986 333-

145 1966 283 2070 bernatqr
311 1966 494 2069 indulgeat
444 1958 552 2028 triti?
583 1967 699 2046 negavit
686 1968 780 2028 thoc
799 1968 961 2064 Eumolpus
981 1969 1042 2028 sieri
1062 1986 1164 2047 posse:
1187 1960 1249 2030 (333

147 2043 263 2130 3333333
278 2052 372 2131 inquit
383 2044 511 2131 (3333333
527 2053 670 2131 portubus
687 2072 719 2113 33
734 2052 860 2113 33333313
875 2053 1034 2125 insinuant,
1049 2071 1104 2114 nec
1117 2059 1179 2114 tarn
1192 2055 1249 2114 cito

145 2138 265 2198 fratrem
284 2137 423 2197 defecisse
437 2138 496 2198 3333
512 2139 606 2198 simile
620 2138 681 2198 erit.
712 2138 824 2198 accedit
811 2138 896 2209 this,
915 2139 992 2215 quod
1007 2138 1131 2199 forsitan
1146 2138 1249 2200 Lichas

148 2223 235 2282 officii
251 2239 351 2282 caussa
366 2221 458 2282 333333
473 2223 659 2300 languentem
675 2222 859 2283 desiderabit.
888 2223 978 2296 vides,
994 2242 1081 2301 quam
1097 2224 1179 2284 valde
1193 2241 1247 2284 no-

146 2306 191 2366 bis
207 2306 353 2384 expediat,
372 2307 449 2368 ultro
470 2307 623 2367 dominnm
643 2308 679 2367 ad
693 2306 837 2384 fugientes
852 2326 1006 2369 accersere.
1038 2309 1090 2369 sed
1105 2309 1182 2385 finge
1196 2327 1248 2370 na-

144 2411 209 2451 3333
229 2391 265 2452 ab
284 2390 394 2469 ingenti
410 2410 500 2472 posse
515 2411 603 2452 eursu
619 2392 731 2452 deflecti
746 2399 774 2452 et
788 2393 907 2453 Licham
923 2410 984 2454 non
999 2395 1098 2471 utique
1114 2394 1262 2457 circumi·.

143 2484 243 2538 turum
263 2495 416 2574 aegrorum
439 2477 555 2538 cubilia:
575 2477 725 2556 quomodo
742 2477 1017 2576 poossumuserredi
1032 2496 1118 2551 3333,
1140 2485 1248 2540 utnon

145 2561 362 2660 conspiciamur
382 2560 550 2623 acunctis‘?
572 2563 682 2641 opertis
703 2570 779 2642 capit
759 2564 858 2635 tibus,
881 2581 917 2623 an
938 2561 1048 2624 nudis?
1078 2564 1203 2643 3333333,
1223 2570 1250 2624 33

146 2647 210 2727 quis
225 2664 287 2708 non
304 2649 371 2708 dare
386 2666 507 2710 manum
522 2648 727 2751 languentibus
739 2647 837 2709 volet?
867 2650 1007 2722 nudis‚t
978 2655 1007 2709 et
1022 2649 1092 2753 quid
1108 2650 1163 2710 erit
1150 2649 1248 2710 talind

77 2732 136 2794 02
146 2752 233 2812 qnam
252 2752 283 2794 33
298 2734 381 2812 33333
398 2724 651 2812 proscribere?‘
658 2734 728 2812 quin
744 2725 855 2812 potius
875 2733 994 2811 inquam
1016 2752 1070 2812 ego
1082 2726 1249 2794 (333133333-

144 2818 212 2879 ritat
200 2826 258 2879 tem
284 2818 469 2895 confugimus
492 2825 521 2878 et
541 2837 594 2898 333
615 2818 716 2879 funem
738 2820 811 2898 lapsi
836 2818 1070 2879 descendimus
1062 2837 1091 2878 m
1111 2820 1248 2915 scapham

145 2903 334 2982 praecisoque
348 2902 462 2964 vinculo
479 2904 586 2980 reliqua
600 2904 735 2964 fortunae
751 2900 985 2964 committimus?
1014 2921 1069 2962 nec
1083 2922 1137 2981 ego
1153 2903 1184 2964 in
1195 2905 1249 2965 boc

145 2987 305 3067 periculum
321 2987 489 3064 Eumolpon
504 3005 631 3047 arcesso.
663 2987 731 3066 qnid
747 2988 824 3046 enirn
841 2987 942 3047 attinet
955 2987 1141 3048 innocentem
1157 2989 1248 3050 alieno

145 3071 282 3175 periculo
291 3069 482 3149 impendere?
512 3077 667 3132 contentus
684 3089 759 3142 sum,
776 3072 801 3131 33
816 3090 871 3131 nos
888 3071 1065 3131 descendent
1054 3078 1097 3131 tes
1113 3072 1251 3135 adiuverit

147 3149 249 3218 casus?
273 3149 347 3217 non
358 3147 562 3236 imprudens
554 3155 649 3235 inquit
636 3147 836 3217 t‘consilium'
851 3146 1035 3234 Eumolpos‘
1039 3176 1063 3217 33
1056 3155 1186 3219 aditum
1198 3160 1249 3220 ba·

147 3242 235 3304 beret.
215 3242 331 3320 tquis
347 3243 424 3302 enim
440 3259 502 3302 non
518 3249 588 3302 eunt
589 3261 619 3302 es
576 3239 770 3302 tnotabit.
798 3241 899 3320 utique
914 3241 1100 3339 gubernator,
1117 3244 1165 3322 qui
1180 3263 1251 3340 333-

145 3328 212 3406 vigil
226 3336 297 3388 noct
298 3347 314 3388 3
285 3327 457 3388 tsiderum
474 3346 590 3407 quoque
606 3334 669 3388 mot
671 3345 705 3387 ns
721 3334 785 3387 cust
773 3327 912 3387 toditt
883 3333 912 3386 et
922 3334 954 3387 n
956 3345 1071 3404 cunque
1083 3328 1198 3406 impom
1190 3329 1250 3390 331

147 3412 304 3473 dormienti
321 3421 432 3492 posset,
450 3413 474 3473 33
489 3432 542 3492 333
557 3412 640 3472 aliam
656 3419 770 3490 partem
781 3412 864 3473 33333
875 3412 943 3488 1333
957 3422 1157 3490 quaereretur:
1172 3432 1250 3476 nuno

146 3516 199 3577 per
218 3498 356 3576 puppim,
376 3516 428 3576 per
448 3497 512 3576 ipsa
532 3497 726 3575 gubernacula
741 3497 932 3558 delabendum
949 3503 1006 3568 333,
1030 3516 1187 3576 aquarum
1204 3518 1247 3560 re

146 3583 232 3659 gione
250 3583 330 3643 13333
351 3582 501 3643 descendit
515 3581 563 3659 qui
579 3581 705 3660 scaphae
720 3582 883 3642 custodiam
899 3589 987 3642 tenet.
1018 3591 1167 3660 praeterea
1183 3583 1247 3644 illud

147 3667 249 3738 miror,
265 3667 397 3744 Encolpi,
411 3666 463 3726 tibi
478 3684 540 3726 non
557 3667 744 3737 succurrisse,
762 3685 853 3727 unum
869 3676 985 3728 nautam
999 3667 1132 3729 stationis
1144 3687 1246 3748 33333-

146 3758 212 3812 tuae
233 3751 359 3811 interdiu
379 3758 526 3830 noctuque
547 3751 638 3812 iacere
654 3751 684 3811 in
700 3752 821 3830 scapha,
842 3769 897 3811 nec
911 3771 1001 3831 posse
1016 3752 1083 3814 inde
1099 3755 1246 3815 custodem

146 3836 204 3898 nisi
224 3843 274 3897 aut
288 3835 376 3896 caede
391 3837 495 3914 3333113
512 3843 562 3898 333
577 3837 759 3915 333333333333
774 3837 892 3897 viribus
923 3840 1002 3917 quod
1018 3856 1053 3898 33
1071 3839 1246 3915 reboasse,

146 3921 323 4000 interrogate
342 3921 490 3983 audaciam
511 3928 647 3982 vestram.
678 3939 745 3982 nam
766 3923 844 4000 qnod
860 3923 896 3983 ad
912 3942 1010 3984 meum
1027 3923 1142 4001 quidem
1159 3924 1247 3986 comi-

146 4013 240 4067 tatum
256 4006 365 4081 attinet,
380 4007 493 4069 nullum
509 4025 613 4068 recuso
626 4006 796 4086 periculum,
812 4008 891 4087 quod
904 4009 1005 4070 salutis
1017 4025 1101 4087 spem
1114 4009 1246 4069 ostendit.
