<?xml version="1.0" encoding="UTF-8"?>
<!DOCTYPE html PUBLIC "-//W3C//DTD XHTML 1.0 Transitional//EN"
    "http://www.w3.org/TR/xhtml1/DTD/xhtml1-transitional.dtd">
<html xmlns="http://www.w3.org/1999/xhtml" xml:lang="en" lang="en">
 <head>
  <title>
</title>
<meta http-equiv="Content-Type" content="text/html;charset=utf-8" />
  <meta name='ocr-system' content='tesseract 3.04.00' />
  <meta name='ocr-capabilities' content='ocr_page ocr_carea ocr_par ocr_line ocrx_word'/>
</head>
<body>
  <div class='ocr_page' id='page_1' title='image "./petroniiarbitri00arbigoog_0025.png"; bbox 0 0 2646 4710; ppageno 0'>
   <div class='ocr_carea' id='block_1_1' title="bbox 133 374 757 438">
    <p class='ocr_par' dir='ltr' id='par_1_1' title="bbox 133 374 757 438">
     <span class='ocr_line' id='line_1_1' title="bbox 133 374 757 438; baseline -0.019 0"><span class='ocrx_word' id='word_1_1' title='bbox 133 376 171 438; x_wconf 88' lang='grc'><strong>10</strong></span> <span class='ocrx_word' id='word_1_2' title='bbox 600 374 757 428; x_wconf 81' lang='lat' dir='ltr'><strong>Pnrnonn</strong></span> 
     </span>
    </p>
   </div>
   <div class='ocr_carea' id='block_1_2' title="bbox 125 528 1286 1553">
    <p class='ocr_par' dir='ltr' id='par_1_2' title="bbox 129 528 1286 1297">
     <span class='ocr_line' id='line_1_2' title="bbox 129 528 1240 613; baseline 0.005 -23"><span class='ocrx_word' id='word_1_3' title='bbox 129 547 211 590; x_wconf 91' lang='lat' dir='ltr'><strong>mum</strong></span> <span class='ocrx_word' id='word_1_4' title='bbox 227 528 335 592; x_wconf 87' lang='lat' dir='ltr'><strong>habere</strong></span> <span class='ocrx_word' id='word_1_5' title='bbox 350 548 413 594; x_wconf 90' lang='lat' dir='ltr'><strong>eam</strong></span> <span class='ocrx_word' id='word_1_6' title='bbox 428 531 501 593; x_wconf 90' lang='lat' dir='ltr'><strong>iussi</strong></span> <span class='ocrx_word' id='word_1_7' title='bbox 517 538 545 592; x_wconf 91' lang='grc' dir='ltr'><strong>ιι</strong></span> <span class='ocrx_word' id='word_1_8' title='bbox 561 532 596 592; x_wconf 92' lang='lat' dir='ltr'><strong>de</strong></span> <span class='ocrx_word' id='word_1_9' title='bbox 611 539 735 611; x_wconf 87' lang='lat' dir='ltr'><strong>utroquo</strong></span> <span class='ocrx_word' id='word_1_10' title='bbox 750 550 816 592; x_wconf 89' lang='lat' dir='ltr'><strong>esse</strong></span> <span class='ocrx_word' id='word_1_11' title='bbox 831 549 979 594; x_wconf 88' lang='lat' dir='ltr'><strong>securam:</strong></span> <span class='ocrx_word' id='word_1_12' title='bbox 993 549 1062 593; x_wconf 91' lang='lat' dir='ltr'><strong>nam</strong></span> <span class='ocrx_word' id='word_1_13' title='bbox 1076 551 1173 613; x_wconf 89' lang='lat' dir='ltr'><strong>neque</strong></span> <span class='ocrx_word' id='word_1_14' title='bbox 1188 552 1240 597; x_wconf 93' lang='lat' dir='ltr'><strong>sa-</strong></span> 
     </span>
     <span class='ocr_line' id='line_1_3' title="bbox 131 617 1242 697; baseline 0.005 -20"><span class='ocrx_word' id='word_1_15' title='bbox 131 633 179 676; x_wconf 86' lang='lat' dir='ltr'><strong>cra</strong></span> <span class='ocrx_word' id='word_1_16' title='bbox 194 635 371 696; x_wconf 86' lang='lat' dir='ltr'><strong>quemquam</strong></span> <span class='ocrx_word' id='word_1_17' title='bbox 384 618 577 697; x_wconf 82' lang='lat' dir='ltr'><strong>vulgaturum,</strong></span> <span class='ocrx_word' id='word_1_18' title='bbox 593 624 621 678; x_wconf 87' lang='lat' dir='ltr'><strong>et</strong></span> <span class='ocrx_word' id='word_1_19' title='bbox 636 617 661 678; x_wconf 93' lang='grc' dir='ltr'><strong>ιι</strong></span> <span class='ocrx_word' id='word_1_20' title='bbox 677 618 755 697; x_wconf 89' lang='lat' dir='ltr'><strong>quod</strong></span> <span class='ocrx_word' id='word_1_21' title='bbox 771 625 917 696; x_wconf 91' lang='lat' dir='ltr'><strong>praeterea</strong></span> <span class='ocrx_word' id='word_1_22' title='bbox 933 618 1008 680; x_wconf 93' lang='lat' dir='ltr'><strong>aliud</strong></span> <span class='ocrx_word' id='word_1_23' title='bbox 1024 618 1186 681; x_wconf 87' lang='lat' dir='ltr'><strong>remedium</strong></span> <span class='ocrx_word' id='word_1_24' title='bbox 1204 622 1242 682; x_wconf 92' lang='lat' dir='ltr'><strong>ad</strong></span> 
     </span>
     <span class='ocr_line' id='line_1_4' title="bbox 129 701 1244 783; baseline 0.004 -22"><span class='ocrx_word' id='word_1_25' title='bbox 129 701 282 764; x_wconf 91' lang='lat' dir='ltr'><strong>tertianam</strong></span> <span class='ocrx_word' id='word_1_26' title='bbox 298 703 370 764; x_wconf 91' lang='lat' dir='ltr'><strong>deus</strong></span> <span class='ocrx_word' id='word_1_27' title='bbox 386 702 424 763; x_wconf 97' lang='lat' dir='ltr'><strong>illi</strong></span> <span class='ocrx_word' id='word_1_28' title='bbox 440 710 646 776; x_wconf 84' lang='lat' dir='ltr'><strong>monstrasset,</strong></span> <span class='ocrx_word' id='word_1_29' title='bbox 662 703 849 765; x_wconf 82' lang='lat' dir='ltr'><strong>adiuvaturos</strong></span> <span class='ocrx_word' id='word_1_30' title='bbox 865 721 922 764; x_wconf 89' lang='lat' dir='ltr'><strong>nos</strong></span> <span class='ocrx_word' id='word_1_31' title='bbox 937 703 1063 765; x_wconf 93' lang='lat' dir='ltr'><strong>divinam</strong></span> <span class='ocrx_word' id='word_1_32' title='bbox 1079 705 1244 783; x_wconf 88' lang='lat' dir='ltr'><strong>providen-</strong></span> 
     </span>
     <span class='ocr_line' id='line_1_5' title="bbox 129 782 1286 868; baseline 0.005 -21"><span class='ocrx_word' id='word_1_33' title='bbox 129 786 198 848; x_wconf 86' lang='lat' dir='ltr'><strong>tiam</strong></span> <span class='ocrx_word' id='word_1_34' title='bbox 222 791 264 849; x_wconf 89' lang='lat' dir='ltr'><strong>vel</strong></span> <span class='ocrx_word' id='word_1_35' title='bbox 284 787 412 868; x_wconf 90' lang='lat' dir='ltr'><strong>periculo</strong></span> <span class='ocrx_word' id='word_1_36' title='bbox 434 795 546 848; x_wconf 91' lang='lat' dir='ltr'><strong>nostro.</strong></span> <span class='ocrx_word' id='word_1_37' title='bbox 580 789 699 849; x_wconf 87' lang='lat' dir='ltr'><strong>hilarior</strong></span> <span class='ocrx_word' id='word_1_38' title='bbox 720 795 789 868; x_wconf 92' lang='lat' dir='ltr'><strong>post</strong></span> <span class='ocrx_word' id='word_1_39' title='bbox 777 790 884 849; x_wconf 86' lang='lat' dir='ltr'><strong>thano</strong></span> <span class='ocrx_word' id='word_1_40' title='bbox 904 789 1141 886; x_wconf 83' lang='lat' dir='ltr'><strong>pollicitationem</strong></span> <span class='ocrx_word' id='word_1_41' title='bbox 1162 791 1243 852; x_wconf 86' lang='lat' dir='ltr'><strong>facta</strong></span> <span class='ocrx_word' id='word_1_42' title='bbox 1284 782 1286 791; x_wconf 51' lang='lat'>¹</span> 
     </span>
     <span class='ocr_line' id='line_1_6' title="bbox 129 873 1242 953; baseline 0.003 -19"><span class='ocrx_word' id='word_1_43' title='bbox 129 873 233 934; x_wconf 90' lang='lat' dir='ltr'><strong>mulier</strong></span> <span class='ocrx_word' id='word_1_44' title='bbox 252 873 376 935; x_wconf 87' lang='lat' dir='ltr'><strong>basiavit</strong></span> <span class='ocrx_word' id='word_1_45' title='bbox 364 881 442 934; x_wconf 93' lang='lat' dir='ltr'><strong>tme</strong></span> <span class='ocrx_word' id='word_1_46' title='bbox 459 873 598 953; x_wconf 86' lang='lat' dir='ltr'><strong>spissius,</strong></span> <span class='ocrx_word' id='word_1_47' title='bbox 622 883 699 935; x_wconf 90' lang='lat' dir='ltr'><strong>etex</strong></span> <span class='ocrx_word' id='word_1_48' title='bbox 714 873 862 935; x_wconf 84' lang='lat' dir='ltr'><strong>lacrimis</strong></span> <span class='ocrx_word' id='word_1_49' title='bbox 855 874 991 936; x_wconf 81' lang='lat' dir='ltr'><strong>inrisum</strong></span> <span class='ocrx_word' id='word_1_50' title='bbox 1013 884 1092 936; x_wconf 92' lang='lat' dir='ltr'><strong>mota</strong></span> <span class='ocrx_word' id='word_1_51' title='bbox 1115 875 1242 937; x_wconf 87' lang='lat' dir='ltr'><strong>descen-</strong></span> 
     </span>
     <span class='ocr_line' id='line_1_7' title="bbox 129 951 1245 1041; baseline 0.003 -21"><span class='ocrx_word' id='word_1_52' title='bbox 129 959 231 1020; x_wconf 89' lang='lat' dir='ltr'><strong>dentes</strong></span> <span class='ocrx_word' id='word_1_53' title='bbox 257 959 293 1020; x_wconf 91' lang='lat' dir='ltr'><strong>ab</strong></span> <span class='ocrx_word' id='word_1_54' title='bbox 318 977 389 1020; x_wconf 90' lang='lat' dir='ltr'><strong>aure</strong></span> <span class='ocrx_word' id='word_1_55' title='bbox 415 959 535 1038; x_wconf 91' lang='lat' dir='ltr'><strong>capillos</strong></span> <span class='ocrx_word' id='word_1_56' title='bbox 554 978 639 1020; x_wconf 90' lang='lat' dir='ltr'><strong>meos</strong></span> <span class='ocrx_word' id='word_1_57' title='bbox 660 958 735 1020; x_wconf 92' lang='lat' dir='ltr'><strong>lenta</strong></span> <span class='ocrx_word' id='word_1_58' title='bbox 755 977 844 1020; x_wconf 92' lang='lat' dir='ltr'><strong>manu</strong></span> <span class='ocrx_word' id='word_1_59' title='bbox 863 960 1003 1021; x_wconf 85' lang='lat' dir='ltr'><strong>duxitt</strong></span> <span class='ocrx_word' id='word_1_60' title='bbox 974 966 1003 1021; x_wconf 89' lang='lat' dir='ltr'><strong>et</strong></span> <span class='ocrx_word' id='word_1_61' title='bbox 1018 951 1120 1021; x_wconf 85' lang='lat' dir='ltr'><strong>‘facio&#39;</strong></span> <span class='ocrx_word' id='word_1_62' title='bbox 1143 961 1245 1041; x_wconf 90' lang='lat' dir='ltr'><strong>inquit</strong></span> 
     </span>
     <span class='ocr_line' id='line_1_8' title="bbox 125 1035 1243 1142; baseline 0.006 -39.088"><span class='ocrx_word' id='word_1_63' title='bbox 125 1035 271 1106; x_wconf 88' lang='lat' dir='ltr'><strong>indutias</strong></span> <span class='ocrx_word' id='word_1_64' title='bbox 291 1044 507 1118; x_wconf 69' lang='lat' dir='ltr'><strong>vobiscumet</strong></span> <span class='ocrx_word' id='word_1_65' title='bbox 495 1045 671 1106; x_wconf 87' lang='lat' dir='ltr'><strong>taconstit</strong></span> <span class='ocrx_word' id='word_1_66' title='bbox 671 1052 771 1106; x_wconf 93' lang='lat' dir='ltr'><strong>utat</strong></span> <span class='ocrx_word' id='word_1_67' title='bbox 739 1045 788 1105; x_wconf 92' lang='lat' dir='ltr'><strong>lite</strong></span> <span class='ocrx_word' id='word_1_68' title='bbox 809 1044 933 1105; x_wconf 83' lang='lat' dir='ltr'><strong>dimitto</strong></span> <span class='ocrx_word' id='word_1_69' title='bbox 968 1045 1092 1142; x_wconf 80' lang='lat' dir='ltr'><strong>quodsi</strong></span> <span class='ocrx_word' id='word_1_70' title='bbox 1108 1064 1170 1107; x_wconf 91' lang='lat' dir='ltr'><strong>non</strong></span> <span class='ocrx_word' id='word_1_71' title='bbox 1186 1049 1243 1109; x_wconf 92' lang='lat' dir='ltr'><strong>ad-</strong></span> 
     </span>
     <span class='ocr_line' id='line_1_9' title="bbox 129 1129 1242 1210; baseline 0.004 -20"><span class='ocrx_word' id='word_1_72' title='bbox 129 1130 269 1191; x_wconf 90' lang='lat' dir='ltr'><strong>nuissetis</strong></span> <span class='ocrx_word' id='word_1_73' title='bbox 286 1130 321 1190; x_wconf 90' lang='lat' dir='ltr'><strong>de</strong></span> <span class='ocrx_word' id='word_1_74' title='bbox 336 1131 391 1191; x_wconf 88' lang='lat' dir='ltr'><strong>hac</strong></span> <span class='ocrx_word' id='word_1_75' title='bbox 405 1129 547 1191; x_wconf 89' lang='lat' dir='ltr'><strong>medicina</strong></span> <span class='ocrx_word' id='word_1_76' title='bbox 564 1149 650 1210; x_wconf 90' lang='lat' dir='ltr'><strong>quam</strong></span> <span class='ocrx_word' id='word_1_77' title='bbox 668 1138 751 1209; x_wconf 90' lang='lat' dir='ltr'><strong>peto</strong></span> <span class='ocrx_word' id='word_1_78' title='bbox 767 1130 823 1190; x_wconf 92' lang='lat' dir='ltr'><strong>iam</strong></span> <span class='ocrx_word' id='word_1_79' title='bbox 839 1137 937 1209; x_wconf 90' lang='lat' dir='ltr'><strong>parata</strong></span> <span class='ocrx_word' id='word_1_80' title='bbox 954 1131 1058 1192; x_wconf 90' lang='lat' dir='ltr'><strong>eratin</strong></span> <span class='ocrx_word' id='word_1_81' title='bbox 1075 1133 1242 1194; x_wconf 88' lang='lat' dir='ltr'><strong>crastinum</strong></span> 
     </span>
     <span class='ocr_line' id='line_1_10' title="bbox 129 1215 1031 1297; baseline -0.001 -20"><span class='ocrx_word' id='word_1_82' title='bbox 129 1215 246 1290; x_wconf 87' lang='lat' dir='ltr'><strong>turba,</strong></span> <span class='ocrx_word' id='word_1_83' title='bbox 238 1223 353 1297; x_wconf 81' lang='lat' dir='ltr'><strong>quaeat</strong></span> <span class='ocrx_word' id='word_1_84' title='bbox 367 1215 502 1277; x_wconf 92' lang='lat' dir='ltr'><strong>iniuriam</strong></span> <span class='ocrx_word' id='word_1_85' title='bbox 519 1235 614 1276; x_wconf 89' lang='lat' dir='ltr'><strong>meam</strong></span> <span class='ocrx_word' id='word_1_86' title='bbox 630 1215 832 1277; x_wconf 77' lang='lat' dir='ltr'><strong>vindicaret</strong></span> <span class='ocrx_word' id='word_1_87' title='bbox 804 1223 832 1276; x_wconf 91' lang='grc' dir='ltr'><strong>ι</strong></span> <span class='ocrx_word' id='word_1_88' title='bbox 847 1216 1031 1294; x_wconf 84' lang='lat' dir='ltr'><strong>dignitatem:</strong></span> 
     </span>
    </p>

    <p class='ocr_par' dir='ltr' id='par_1_3' title="bbox 294 1301 1046 1400">
     <span class='ocr_line' id='line_1_11' title="bbox 294 1301 1046 1400; baseline -0.001 -37"><span class='ocrx_word' id='word_1_89' title='bbox 294 1301 442 1364; x_wconf 82' lang='lat' dir='ltr'><strong>contemni</strong></span> <span class='ocrx_word' id='word_1_90' title='bbox 456 1308 542 1381; x_wconf 89' lang='lat' dir='ltr'><strong>turpe</strong></span> <span class='ocrx_word' id='word_1_91' title='bbox 558 1309 617 1374; x_wconf 87' lang='lat' dir='ltr'><strong>est,</strong></span> <span class='ocrx_word' id='word_1_92' title='bbox 633 1301 727 1380; x_wconf 90' lang='lat' dir='ltr'><strong>legem</strong></span> <span class='ocrx_word' id='word_1_93' title='bbox 744 1302 855 1363; x_wconf 91' lang='lat' dir='ltr'><strong>donare</strong></span> <span class='ocrx_word' id='word_1_94' title='bbox 870 1301 1046 1400; x_wconf 81' lang='lat' dir='ltr'><strong>superbum3</strong></span> 
     </span>
    </p>

    <p class='ocr_par' dir='ltr' id='par_1_4' title="bbox 292 1387 1014 1553">
     <span class='ocr_line' id='line_1_12' title="bbox 344 1387 1014 1484; baseline 0.002 -37"><span class='ocrx_word' id='word_1_95' title='bbox 344 1388 402 1448; x_wconf 88' lang='lat' dir='ltr'><strong>hoc</strong></span> <span class='ocrx_word' id='word_1_96' title='bbox 416 1405 498 1460; x_wconf 91' lang='lat' dir='ltr'><strong>amo,</strong></span> <span class='ocrx_word' id='word_1_97' title='bbox 514 1387 593 1484; x_wconf 84' lang='lat' dir='ltr'><strong>quod</strong></span> <span class='ocrx_word' id='word_1_98' title='bbox 609 1406 734 1467; x_wconf 92' lang='lat' dir='ltr'><strong>possum</strong></span> <span class='ocrx_word' id='word_1_99' title='bbox 751 1405 807 1467; x_wconf 90' lang='lat' dir='ltr'><strong>qua</strong></span> <span class='ocrx_word' id='word_1_100' title='bbox 822 1388 912 1449; x_wconf 89' lang='lat' dir='ltr'><strong>libet</strong></span> <span class='ocrx_word' id='word_1_101' title='bbox 905 1407 947 1449; x_wconf 84' lang='lat' dir='ltr'><strong>xre</strong></span> <span class='ocrx_word' id='word_1_102' title='bbox 961 1387 1014 1449; x_wconf 86' lang='lat' dir='ltr'><strong>via.</strong></span> 
     </span>
     <span class='ocr_line' id='line_1_13' title="bbox 292 1472 1052 1553; baseline 0 -19"><span class='ocrx_word' id='word_1_103' title='bbox 292 1491 361 1534; x_wconf 90' lang='lat' dir='ltr'><strong>nam</strong></span> <span class='ocrx_word' id='word_1_104' title='bbox 377 1491 448 1535; x_wconf 92' lang='lat' dir='ltr'><strong>sane</strong></span> <span class='ocrx_word' id='word_1_105' title='bbox 462 1481 492 1534; x_wconf 91' lang='lat' dir='ltr'><strong>et</strong></span> <span class='ocrx_word' id='word_1_106' title='bbox 506 1472 624 1551; x_wconf 91' lang='lat' dir='ltr'><strong>sapiens</strong></span> <span class='ocrx_word' id='word_1_107' title='bbox 640 1492 695 1535; x_wconf 92' lang='lat' dir='ltr'><strong>con</strong></span> <span class='ocrx_word' id='word_1_108' title='bbox 698 1475 850 1553; x_wconf 84' lang='lat' dir='ltr'><strong>etrn&#39;ptus</strong></span> <span class='ocrx_word' id='word_1_109' title='bbox 843 1474 934 1553; x_wconf 81' lang='lat' dir='ltr'><strong>iurgia</strong></span> <span class='ocrx_word' id='word_1_110' title='bbox 949 1474 1052 1547; x_wconf 88' lang='lat' dir='ltr'><strong>nectit,</strong></span> 
     </span>
    </p>
   </div>
   <div class='ocr_carea' id='block_1_3' title="bbox 344 1550 962 1696">
    <p class='ocr_par' dir='ltr' id='par_1_5' title="bbox 344 1550 962 1696">
     <span class='ocr_line' id='line_1_14' title="bbox 344 1550 962 1638; baseline -0.002 -18"><span class='ocrx_word' id='word_1_111' title='bbox 344 1565 374 1620; x_wconf 89' lang='grc' dir='ltr'><strong>ιι</strong></span> <span class='ocrx_word' id='word_1_112' title='bbox 388 1560 437 1638; x_wconf 88' lang='lat' dir='ltr'><strong>qui</strong></span> <span class='ocrx_word' id='word_1_113' title='bbox 454 1577 514 1620; x_wconf 92' lang='lat' dir='ltr'><strong>non</strong></span> <span class='ocrx_word' id='word_1_114' title='bbox 531 1558 654 1638; x_wconf 89' lang='lat' dir='ltr'><strong>iugulat,</strong></span> <span class='ocrx_word' id='word_1_115' title='bbox 670 1559 728 1620; x_wconf 92' lang='lat' dir='ltr'><strong>vict</strong></span> <span class='ocrx_word' id='word_1_116' title='bbox 730 1577 764 1619; x_wconf 91' lang='lat' dir='ltr'><strong>or</strong></span> <span class='ocrx_word' id='word_1_117' title='bbox 716 1558 859 1620; x_wconf 88' lang='lat' dir='ltr'><strong>tabire</strong></span> <span class='ocrx_word' id='word_1_118' title='bbox 874 1550 962 1620; x_wconf 83' lang='lat' dir='ltr'><strong>solet’</strong></span> 
     </span>
     <span class='ocr_line' id='line_1_15' title="bbox 675 1654 695 1696; baseline 0 0"><span class='ocrx_word' id='word_1_119' title='bbox 675 1654 695 1696; x_wconf 78' lang='lat' dir='ltr'><strong>a</strong></span> 
     </span>
    </p>
   </div>
   <div class='ocr_carea' id='block_1_4' title="bbox 77 1723 1243 2148">
    <p class='ocr_par' dir='ltr' id='par_1_6' title="bbox 215 1723 1243 1805">
     <span class='ocr_line' id='line_1_16' title="bbox 215 1723 1243 1805; baseline 0 -18"><span class='ocrx_word' id='word_1_120' title='bbox 215 1724 376 1805; x_wconf 88' lang='lat' dir='ltr'><strong>complosis</strong></span> <span class='ocrx_word' id='word_1_121' title='bbox 392 1725 496 1787; x_wconf 87' lang='lat' dir='ltr'><strong>deinde</strong></span> <span class='ocrx_word' id='word_1_122' title='bbox 511 1723 668 1786; x_wconf 92' lang='lat' dir='ltr'><strong>manibus</strong></span> <span class='ocrx_word' id='word_1_123' title='bbox 661 1739 691 1782; x_wconf 90' lang='grc' dir='ltr'><strong>ιιι</strong></span> <span class='ocrx_word' id='word_1_124' title='bbox 705 1729 819 1785; x_wconf 89' lang='lat' dir='ltr'><strong>tantum</strong></span> <span class='ocrx_word' id='word_1_125' title='bbox 834 1732 954 1804; x_wconf 90' lang='lat' dir='ltr'><strong>repente</strong></span> <span class='ocrx_word' id='word_1_126' title='bbox 968 1725 1062 1786; x_wconf 92' lang='lat' dir='ltr'><strong>risum</strong></span> <span class='ocrx_word' id='word_1_127' title='bbox 1078 1726 1168 1786; x_wconf 80' lang='lat' dir='ltr'><strong>eflusa</strong></span> <span class='ocrx_word' id='word_1_128' title='bbox 1185 1734 1243 1798; x_wconf 91' lang='lat' dir='ltr'><strong>est,</strong></span> 
     </span>
    </p>

    <p class='ocr_par' dir='ltr' id='par_1_7' title="bbox 77 1809 1243 2148">
     <span class='ocr_line' id='line_1_17' title="bbox 130 1809 1242 1890; baseline 0 -18"><span class='ocrx_word' id='word_1_129' title='bbox 130 1817 163 1872; x_wconf 88' lang='lat' dir='ltr'><strong>ut</strong></span> <span class='ocrx_word' id='word_1_130' title='bbox 178 1810 359 1872; x_wconf 87' lang='lat' dir='ltr'><strong>timeremus.</strong></span> <span class='ocrx_word' id='word_1_131' title='bbox 390 1811 468 1872; x_wconf 88' lang='lat' dir='ltr'><strong>idem</strong></span> <span class='ocrx_word' id='word_1_132' title='bbox 489 1831 523 1872; x_wconf 87' lang='lat' dir='ltr'><strong>ex</strong></span> <span class='ocrx_word' id='word_1_133' title='bbox 542 1811 630 1872; x_wconf 91' lang='lat' dir='ltr'><strong>altera</strong></span> <span class='ocrx_word' id='word_1_134' title='bbox 645 1817 728 1888; x_wconf 89' lang='lat' dir='ltr'><strong>parte</strong></span> <span class='ocrx_word' id='word_1_135' title='bbox 743 1817 772 1871; x_wconf 91' lang='grc' dir='ltr'><strong>ιι</strong></span> <span class='ocrx_word' id='word_1_136' title='bbox 786 1809 887 1871; x_wconf 89' lang='lat' dir='ltr'><strong>ancilla</strong></span> <span class='ocrx_word' id='word_1_137' title='bbox 901 1810 982 1884; x_wconf 84' lang='lat' dir='ltr'><strong>lecit,</strong></span> <span class='ocrx_word' id='word_1_138' title='bbox 1002 1830 1075 1890; x_wconf 90' lang='lat' dir='ltr'><strong>quae</strong></span> <span class='ocrx_word' id='word_1_139' title='bbox 1089 1811 1172 1890; x_wconf 88' lang='lat' dir='ltr'><strong>prior</strong></span> <span class='ocrx_word' id='word_1_140' title='bbox 1187 1830 1242 1872; x_wconf 91' lang='lat' dir='ltr'><strong>ve-</strong></span> 
     </span>
     <span class='ocr_line' id='line_1_18' title="bbox 77 1895 1242 1976; baseline -0.002 -16"><span class='ocrx_word' id='word_1_141' title='bbox 77 1900 115 1962; x_wconf 84' lang='lat'><strong>19</strong></span> <span class='ocrx_word' id='word_1_142' title='bbox 130 1904 221 1969; x_wconf 89' lang='lat' dir='ltr'><strong>nerat,</strong></span> <span class='ocrx_word' id='word_1_143' title='bbox 237 1897 314 1958; x_wconf 90' lang='lat' dir='ltr'><strong>idem</strong></span> <span class='ocrx_word' id='word_1_144' title='bbox 330 1897 515 1975; x_wconf 86' lang='lat' dir='ltr'><strong>virguncula,</strong></span> <span class='ocrx_word' id='word_1_145' title='bbox 531 1916 604 1976; x_wconf 89' lang='lat' dir='ltr'><strong>quae</strong></span> <span class='ocrx_word' id='word_1_146' title='bbox 618 1913 675 1956; x_wconf 90' lang='lat' dir='ltr'><strong>una</strong></span> <span class='ocrx_word' id='word_1_147' title='bbox 690 1895 856 1956; x_wconf 87' lang='lat' dir='ltr'><strong>intraverat.</strong></span> <span class='ocrx_word' id='word_1_148' title='bbox 888 1896 987 1957; x_wconf 90' lang='lat' dir='ltr'><strong>omnia</strong></span> <span class='ocrx_word' id='word_1_149' title='bbox 1002 1897 1093 1958; x_wconf 92' lang='lat' dir='ltr'><strong>nimio</strong></span> <span class='ocrx_word' id='word_1_150' title='bbox 1109 1895 1173 1956; x_wconf 90' lang='lat' dir='ltr'><strong>risu</strong></span> <span class='ocrx_word' id='word_1_151' title='bbox 1188 1915 1242 1958; x_wconf 91' lang='lat' dir='ltr'><strong>ex-</strong></span> 
     </span>
     <span class='ocr_line' id='line_1_19' title="bbox 131 1980 1243 2062; baseline -0.003 -17"><span class='ocrx_word' id='word_1_152' title='bbox 131 1990 300 2056; x_wconf 90' lang='lat' dir='ltr'><strong>sonuerant‚</strong></span> <span class='ocrx_word' id='word_1_153' title='bbox 316 2001 382 2044; x_wconf 92' lang='grc' dir='ltr'>ιιιιιι</span> <span class='ocrx_word' id='word_1_154' title='bbox 398 1983 514 2045; x_wconf 83' lang='grc' dir='ltr'>ιιιιιιιιιι</span> <span class='ocrx_word' id='word_1_155' title='bbox 530 2000 597 2056; x_wconf 92' lang='lat' dir='ltr'><strong>nos,</strong></span> <span class='ocrx_word' id='word_1_156' title='bbox 614 1999 687 2062; x_wconf 88' lang='lat' dir='ltr'><strong>quae</strong></span> <span class='ocrx_word' id='word_1_157' title='bbox 702 1988 760 2042; x_wconf 89' lang='lat' dir='ltr'><strong>tam</strong></span> <span class='ocrx_word' id='word_1_158' title='bbox 777 1981 931 2060; x_wconf 82' lang='lat' dir='ltr'><strong>repentina</strong></span> <span class='ocrx_word' id='word_1_159' title='bbox 943 1990 1022 2043; x_wconf 90' lang='lat' dir='ltr'><strong>esset</strong></span> <span class='ocrx_word' id='word_1_160' title='bbox 1036 1980 1157 2042; x_wconf 88' lang='lat' dir='ltr'><strong>mutatio</strong></span> <span class='ocrx_word' id='word_1_161' title='bbox 1174 1982 1243 2042; x_wconf 91' lang='lat' dir='ltr'><strong>ani-</strong></span> 
     </span>
     <span class='ocr_line' id='line_1_20' title="bbox 130 2065 1242 2148; baseline -0.001 -18"><span class='ocrx_word' id='word_1_162' title='bbox 130 2087 249 2130; x_wconf 90' lang='lat' dir='ltr'><strong>morum</strong></span> <span class='ocrx_word' id='word_1_163' title='bbox 268 2069 359 2142; x_wconf 88' lang='lat' dir='ltr'><strong>faeta,</strong></span> <span class='ocrx_word' id='word_1_164' title='bbox 380 2068 583 2148; x_wconf 84' lang='lat' dir='ltr'><strong>ignoraremus</strong></span> <span class='ocrx_word' id='word_1_165' title='bbox 602 2087 636 2130; x_wconf 89' lang='lat' dir='ltr'><strong>ac</strong></span> <span class='ocrx_word' id='word_1_166' title='bbox 655 2067 745 2127; x_wconf 92' lang='lat' dir='ltr'><strong>modo</strong></span> <span class='ocrx_word' id='word_1_167' title='bbox 761 2068 976 2147; x_wconf 91' lang='lat' dir='ltr'><strong>nosmetipsos</strong></span> <span class='ocrx_word' id='word_1_168' title='bbox 997 2067 1087 2128; x_wconf 94' lang='lat' dir='ltr'><strong>modo</strong></span> <span class='ocrx_word' id='word_1_169' title='bbox 1103 2065 1242 2129; x_wconf 90' lang='lat' dir='ltr'><strong>mulieres</strong></span> 
     </span>
    </p>
   </div>
   <div class='ocr_carea' id='block_1_5' title="bbox 131 2155 700 2275">
    <p class='ocr_par' dir='ltr' id='par_1_8' title="bbox 131 2155 700 2275">
     <span class='ocr_line' id='line_1_21' title="bbox 131 2155 700 2275; baseline -0.007 -59"><span class='ocrx_word' id='word_1_170' title='bbox 131 2155 313 2217; x_wconf 88' lang='lat' dir='ltr'><strong>intueremur</strong></span> <span class='ocrx_word' id='word_1_171' title='bbox 680 2233 700 2275; x_wconf 42' lang='grc' dir='ltr'><strong>,κ</strong></span> 
     </span>
    </p>
   </div>
   <div class='ocr_carea' id='block_1_6' title="bbox 130 2286 1273 3057">
    <p class='ocr_par' dir='ltr' id='par_1_9' title="bbox 130 2286 1273 3057">
     <span class='ocr_line' id='line_1_22' title="bbox 213 2286 1242 2371; baseline -0.001 -17"><span class='ocrx_word' id='word_1_172' title='bbox 213 2286 295 2354; x_wconf 89' lang='lat' dir='ltr'><strong>‘ideo</strong></span> <span class='ocrx_word' id='word_1_173' title='bbox 316 2294 392 2355; x_wconf 89' lang='lat' dir='ltr'><strong>vetui</strong></span> <span class='ocrx_word' id='word_1_174' title='bbox 408 2293 496 2354; x_wconf 89' lang='lat' dir='ltr'><strong>hodie</strong></span> <span class='ocrx_word' id='word_1_175' title='bbox 516 2292 547 2352; x_wconf 92' lang='grc' dir='ltr'><strong>ιιι</strong></span> <span class='ocrx_word' id='word_1_176' title='bbox 566 2293 624 2353; x_wconf 88' lang='lat' dir='ltr'><strong>hoc</strong></span> <span class='ocrx_word' id='word_1_177' title='bbox 639 2291 805 2354; x_wconf 88' lang='lat' dir='ltr'><strong>deversorio</strong></span> <span class='ocrx_word' id='word_1_178' title='bbox 823 2308 988 2371; x_wconf 89' lang='lat' dir='ltr'><strong>quenquam</strong></span> <span class='ocrx_word' id='word_1_179' title='bbox 1005 2290 1172 2352; x_wconf 85' lang='lat' dir='ltr'><strong>mortalium</strong></span> <span class='ocrx_word' id='word_1_180' title='bbox 1189 2293 1242 2353; x_wconf 90' lang='lat' dir='ltr'><strong>ad-</strong></span> 
     </span>
     <span class='ocr_line' id='line_1_23' title="bbox 131 2375 1243 2456; baseline -0.003 -15"><span class='ocrx_word' id='word_1_181' title='bbox 131 2379 221 2454; x_wconf 88' lang='lat' dir='ltr'><strong>mitti,</strong></span> <span class='ocrx_word' id='word_1_182' title='bbox 242 2386 276 2440; x_wconf 92' lang='lat' dir='ltr'><strong>ut</strong></span> <span class='ocrx_word' id='word_1_183' title='bbox 293 2379 455 2441; x_wconf 88' lang='lat' dir='ltr'><strong>remedium</strong></span> <span class='ocrx_word' id='word_1_184' title='bbox 475 2378 614 2440; x_wconf 86' lang='lat' dir='ltr'><strong>tertianae</strong></span> <span class='ocrx_word' id='word_1_185' title='bbox 634 2380 698 2441; x_wconf 89' lang='lat' dir='ltr'><strong>sine</strong></span> <span class='ocrx_word' id='word_1_186' title='bbox 717 2377 772 2438; x_wconf 93' lang='lat' dir='ltr'><strong>ulla</strong></span> <span class='ocrx_word' id='word_1_187' title='bbox 789 2376 1020 2456; x_wconf 86' lang='lat' dir='ltr'><strong>interpellatione</strong></span> <span class='ocrx_word' id='word_1_188' title='bbox 1035 2393 1051 2436; x_wconf 91' lang='lat' dir='ltr'><strong>a</strong></span> <span class='ocrx_word' id='word_1_189' title='bbox 1066 2375 1149 2436; x_wconf 90' lang='lat' dir='ltr'><strong>vohis</strong></span> <span class='ocrx_word' id='word_1_190' title='bbox 1165 2375 1243 2438; x_wconf 88' lang='lat' dir='ltr'><strong>aeci·</strong></span> 
     </span>
     <span class='ocr_line' id='line_1_24' title="bbox 130 2457 1244 2546; baseline -0.004 -19"><span class='ocrx_word' id='word_1_191' title='bbox 130 2457 253 2546; x_wconf 71' lang='lat' dir='ltr'><strong>parem.³</strong></span> <span class='ocrx_word' id='word_1_192' title='bbox 281 2471 315 2526; x_wconf 91' lang='lat' dir='ltr'><strong>ut</strong></span> <span class='ocrx_word' id='word_1_193' title='bbox 335 2466 407 2525; x_wconf 87' lang='lat' dir='ltr'><strong>haee</strong></span> <span class='ocrx_word' id='word_1_194' title='bbox 426 2464 497 2525; x_wconf 82' lang='lat' dir='ltr'><strong>dixit</strong></span> <span class='ocrx_word' id='word_1_195' title='bbox 512 2463 664 2537; x_wconf 84' lang='lat' dir='ltr'><strong>Quartilla,</strong></span> <span class='ocrx_word' id='word_1_196' title='bbox 685 2463 817 2542; x_wconf 80' lang='lat' dir='ltr'><strong>Ascyltos</strong></span> <span class='ocrx_word' id='word_1_197' title='bbox 839 2462 956 2541; x_wconf 89' lang='lat' dir='ltr'><strong>quidem</strong></span> <span class='ocrx_word' id='word_1_198' title='bbox 972 2461 1122 2543; x_wconf 90' lang='lat' dir='ltr'><strong>paulisper</strong></span> <span class='ocrx_word' id='word_1_199' title='bbox 1138 2462 1244 2523; x_wconf 90' lang='lat' dir='ltr'><strong>obstu-</strong></span> 
     </span>
     <span class='ocr_line' id='line_1_25' title="bbox 130 2546 1244 2632; baseline -0.004 -20"><span class='ocrx_word' id='word_1_200' title='bbox 130 2553 208 2632; x_wconf 89' lang='lat' dir='ltr'><strong>puit,</strong></span> <span class='ocrx_word' id='word_1_201' title='bbox 225 2569 278 2630; x_wconf 85' lang='lat' dir='ltr'><strong>ego</strong></span> <span class='ocrx_word' id='word_1_202' title='bbox 294 2557 391 2612; x_wconf 89' lang='lat' dir='ltr'><strong>autem</strong></span> <span class='ocrx_word' id='word_1_203' title='bbox 405 2548 537 2628; x_wconf 86' lang='lat' dir='ltr'><strong>frigidior</strong></span> <span class='ocrx_word' id='word_1_204' title='bbox 551 2549 767 2611; x_wconf 86' lang='lat' dir='ltr'><strong>hiemeGallica</strong></span> <span class='ocrx_word' id='word_1_205' title='bbox 780 2549 874 2609; x_wconf 85' lang='lat' dir='ltr'><strong>lactus</strong></span> <span class='ocrx_word' id='word_1_206' title='bbox 890 2547 1004 2609; x_wconf 90' lang='lat' dir='ltr'><strong>nullum</strong></span> <span class='ocrx_word' id='word_1_207' title='bbox 1020 2548 1103 2628; x_wconf 92' lang='lat' dir='ltr'><strong>potui</strong></span> <span class='ocrx_word' id='word_1_208' title='bbox 1119 2546 1244 2608; x_wconf 92' lang='lat' dir='ltr'><strong>verbum</strong></span> 
     </span>
     <span class='ocr_line' id='line_1_26' title="bbox 131 2633 1243 2715; baseline -0.004 -18"><span class='ocrx_word' id='word_1_209' title='bbox 131 2636 271 2698; x_wconf 89' lang='lat' dir='ltr'><strong>emittere.</strong></span> <span class='ocrx_word' id='word_1_210' title='bbox 303 2636 353 2696; x_wconf 91' lang='lat' dir='ltr'><strong>sed</strong></span> <span class='ocrx_word' id='word_1_211' title='bbox 369 2634 491 2714; x_wconf 89' lang='lat' dir='ltr'><strong>nequid</strong></span> <span class='ocrx_word' id='word_1_212' title='bbox 511 2634 624 2696; x_wconf 89' lang='lat' dir='ltr'><strong>tristius</strong></span> <span class='ocrx_word' id='word_1_213' title='bbox 636 2642 828 2715; x_wconf 83' lang='lat' dir='ltr'><strong>expectarem,</strong></span> <span class='ocrx_word' id='word_1_214' title='bbox 845 2633 1001 2696; x_wconf 88' lang='lat' dir='ltr'><strong>comitatus</strong></span> <span class='ocrx_word' id='word_1_215' title='bbox 1016 2633 1148 2695; x_wconf 87' lang='lat' dir='ltr'><strong>faciebat.</strong></span> <span class='ocrx_word' id='word_1_216' title='bbox 1181 2640 1243 2694; x_wconf 88' lang='lat' dir='ltr'><strong>tres</strong></span> 
     </span>
     <span class='ocr_line' id='line_1_27' title="bbox 131 2716 1245 2800; baseline -0.003 -17"><span class='ocrx_word' id='word_1_217' title='bbox 131 2723 210 2783; x_wconf 90' lang='lat' dir='ltr'><strong>enim</strong></span> <span class='ocrx_word' id='word_1_218' title='bbox 226 2728 309 2783; x_wconf 87' lang='lat' dir='ltr'><strong>erant</strong></span> <span class='ocrx_word' id='word_1_219' title='bbox 323 2720 515 2794; x_wconf 87' lang='lat' dir='ltr'><strong>mulierculae,</strong></span> <span class='ocrx_word' id='word_1_220' title='bbox 527 2723 553 2782; x_wconf 90' lang='lat' dir='ltr'><strong>si</strong></span> <span class='ocrx_word' id='word_1_221' title='bbox 565 2721 632 2800; x_wconf 90' lang='lat' dir='ltr'><strong>quid</strong></span> <span class='ocrx_word' id='word_1_222' title='bbox 646 2722 749 2783; x_wconf 90' lang='lat' dir='ltr'><strong>vellent</strong></span> <span class='ocrx_word' id='word_1_223' title='bbox 762 2719 870 2792; x_wconf 89' lang='lat' dir='ltr'><strong>conari,</strong></span> <span class='ocrx_word' id='word_1_224' title='bbox 886 2718 1115 2791; x_wconf 91' lang='lat' dir='ltr'><strong>infirmissimae,</strong></span> <span class='ocrx_word' id='word_1_225' title='bbox 1133 2716 1245 2780; x_wconf 89' lang='lat' dir='ltr'><strong>scilicet</strong></span> 
     </span>
     <span class='ocr_line' id='line_1_28' title="bbox 132 2801 1273 2887; baseline -0.002 -19"><span class='ocrx_word' id='word_1_226' title='bbox 132 2815 235 2868; x_wconf 89' lang='lat' dir='ltr'><strong>contra</strong></span> <span class='ocrx_word' id='word_1_227' title='bbox 254 2825 326 2878; x_wconf 92' lang='lat' dir='ltr'><strong>nos,</strong></span> <span class='ocrx_word' id='word_1_228' title='bbox 348 2809 398 2887; x_wconf 80' lang='lat' dir='ltr'><strong>poi</strong></span> <span class='ocrx_word' id='word_1_229' title='bbox 417 2806 442 2866; x_wconf 93' lang='lat' dir='ltr'><strong>si</strong></span> <span class='ocrx_word' id='word_1_230' title='bbox 462 2807 534 2867; x_wconf 91' lang='lat' dir='ltr'><strong>nihil</strong></span> <span class='ocrx_word' id='word_1_231' title='bbox 553 2806 628 2870; x_wconf 90' lang='lat' dir='ltr'><strong>aliud</strong></span> <span class='ocrx_word' id='word_1_232' title='bbox 655 2807 747 2868; x_wconf 89' lang='lat' dir='ltr'><strong>virilis</strong></span> <span class='ocrx_word' id='word_1_233' title='bbox 767 2824 853 2867; x_wconf 85' lang='lat' dir='ltr'><strong>sexus</strong></span> <span class='ocrx_word' id='word_1_234' title='bbox 879 2811 970 2877; x_wconf 90' lang='lat' dir='ltr'><strong>esset,</strong></span> <span class='ocrx_word' id='word_1_235' title='bbox 998 2807 1055 2882; x_wconf 87' lang='lat' dir='ltr'><strong>[et]</strong></span> <span class='ocrx_word' id='word_1_236' title='bbox 1083 2801 1244 2882; x_wconf 88' lang='lat' dir='ltr'><strong>praecineti</strong></span> <span class='ocrx_word' id='word_1_237' title='bbox 1269 2858 1273 2866; x_wconf 90' lang='lat'><em>.</em></span> 
     </span>
     <span class='ocr_line' id='line_1_29' title="bbox 132 2889 1243 2973; baseline -0.005 -19"><span class='ocrx_word' id='word_1_238' title='bbox 132 2899 211 2954; x_wconf 85' lang='lat' dir='ltr'><strong>certe</strong></span> <span class='ocrx_word' id='word_1_239' title='bbox 230 2891 316 2952; x_wconf 93' lang='lat' dir='ltr'><strong>altius</strong></span> <span class='ocrx_word' id='word_1_240' title='bbox 336 2911 462 2953; x_wconf 89' lang='lat' dir='ltr'><strong>cramus.</strong></span> <span class='ocrx_word' id='word_1_241' title='bbox 498 2893 589 2953; x_wconf 94' lang='lat' dir='ltr'><strong>immo</strong></span> <span class='ocrx_word' id='word_1_242' title='bbox 607 2913 660 2973; x_wconf 88' lang='lat' dir='ltr'><strong>ego</strong></span> <span class='ocrx_word' id='word_1_243' title='bbox 678 2894 722 2954; x_wconf 94' lang='grc' dir='ltr'><strong>ιιι</strong></span> <span class='ocrx_word' id='word_1_244' title='bbox 740 2892 797 2952; x_wconf 91' lang='lat' dir='ltr'><strong>iam</strong></span> <span class='ocrx_word' id='word_1_245' title='bbox 814 2889 893 2968; x_wconf 90' lang='lat' dir='ltr'><strong>paria</strong></span> <span class='ocrx_word' id='word_1_246' title='bbox 911 2906 1147 2968; x_wconf 86' lang='lat' dir='ltr'><strong>composueram,</strong></span> <span class='ocrx_word' id='word_1_247' title='bbox 1167 2895 1200 2949; x_wconf 91' lang='lat' dir='ltr'><strong>ut</strong></span> <span class='ocrx_word' id='word_1_248' title='bbox 1218 2889 1243 2950; x_wconf 96' lang='lat' dir='ltr'><strong>si</strong></span> 
     </span>
     <span class='ocr_line' id='line_1_30' title="bbox 131 2973 1243 3057; baseline -0.004 -18"><span class='ocrx_word' id='word_1_249' title='bbox 131 2977 358 3057; x_wconf 91' lang='lat' dir='ltr'><strong>depugnandum</strong></span> <span class='ocrx_word' id='word_1_250' title='bbox 372 2978 463 3051; x_wconf 86' lang='lat' dir='ltr'><strong>foret,</strong></span> <span class='ocrx_word' id='word_1_251' title='bbox 484 2978 548 3056; x_wconf 87' lang='lat' dir='ltr'><strong>ipse</strong></span> <span class='ocrx_word' id='word_1_252' title='bbox 567 2998 633 3041; x_wconf 89' lang='lat' dir='ltr'><strong>cum</strong></span> <span class='ocrx_word' id='word_1_253' title='bbox 650 2976 788 3052; x_wconf 84' lang='lat' dir='ltr'><strong>Quartilla</strong></span> <span class='ocrx_word' id='word_1_254' title='bbox 804 2973 1010 3047; x_wconf 84' lang='lat' dir='ltr'><strong>consisterem,</strong></span> <span class='ocrx_word' id='word_1_255' title='bbox 1026 2973 1158 3052; x_wconf 76' lang='lat' dir='ltr'><strong>Ascyltos</strong></span> <span class='ocrx_word' id='word_1_256' title='bbox 1175 2991 1243 3035; x_wconf 88' lang='grc' dir='ltr'>ιιιιιι</span> 
     </span>
    </p>
   </div>
   <div class='ocr_carea' id='block_1_7' title="bbox 131 3062 701 3188">
    <p class='ocr_par' dir='ltr' id='par_1_10' title="bbox 131 3062 701 3188">
     <span class='ocr_line' id='line_1_31' title="bbox 131 3062 701 3188; baseline 0.002 -64"><span class='ocrx_word' id='word_1_257' title='bbox 131 3062 242 3138; x_wconf 87' lang='lat' dir='ltr'><strong>ancilla,</strong></span> <span class='ocrx_word' id='word_1_258' title='bbox 257 3062 345 3124; x_wconf 88' lang='lat' dir='ltr'><strong>Giton</strong></span> <span class='ocrx_word' id='word_1_259' title='bbox 362 3083 428 3125; x_wconf 88' lang='lat' dir='ltr'><strong>cum</strong></span> <span class='ocrx_word' id='word_1_260' title='bbox 444 3064 554 3143; x_wconf 86' lang='lat' dir='ltr'><strong>virgine</strong></span> <span class='ocrx_word' id='word_1_261' title='bbox 681 3146 701 3188; x_wconf 79' lang='lat' dir='ltr'><strong>a</strong></span> 
     </span>
    </p>
   </div>
   <div class='ocr_carea' id='block_1_8' title="bbox 217 3222 1244 3297">
    <p class='ocr_par' dir='ltr' id='par_1_11' title="bbox 217 3222 1244 3297">
     <span class='ocr_line' id='line_1_32' title="bbox 217 3222 1244 3297; baseline -0.005 -6"><span class='ocrx_word' id='word_1_262' title='bbox 217 3236 288 3291; x_wconf 90' lang='lat' dir='ltr'><strong>tunc</strong></span> <span class='ocrx_word' id='word_1_263' title='bbox 302 3249 369 3294; x_wconf 88' lang='lat' dir='ltr'><strong>vero</strong></span> <span class='ocrx_word' id='word_1_264' title='bbox 386 3229 491 3291; x_wconf 86' lang='lat' dir='ltr'><strong>excidit</strong></span> <span class='ocrx_word' id='word_1_265' title='bbox 506 3229 602 3291; x_wconf 91' lang='lat' dir='ltr'><strong>omnis</strong></span> <span class='ocrx_word' id='word_1_266' title='bbox 618 3225 782 3289; x_wconf 89' lang='lat' dir='ltr'><strong>constantia</strong></span> <span class='ocrx_word' id='word_1_267' title='bbox 794 3222 935 3297; x_wconf 89' lang='lat' dir='ltr'><strong>attonitis,</strong></span> <span class='ocrx_word' id='word_1_268' title='bbox 950 3230 978 3283; x_wconf 90' lang='grc' dir='ltr'><strong>ιι</strong></span> <span class='ocrx_word' id='word_1_269' title='bbox 990 3242 1070 3284; x_wconf 91' lang='lat' dir='ltr'><strong>mors</strong></span> <span class='ocrx_word' id='word_1_270' title='bbox 1082 3242 1143 3285; x_wconf 90' lang='lat' dir='ltr'><strong>non</strong></span> <span class='ocrx_word' id='word_1_271' title='bbox 1155 3223 1244 3286; x_wconf 90' lang='lat' dir='ltr'><strong>dubia</strong></span> 
     </span>
    </p>
   </div>
   <div class='ocr_carea' id='block_1_9' title="bbox 133 3314 704 3462">
    <p class='ocr_par' dir='ltr' id='par_1_12' title="bbox 133 3314 704 3462">
     <span class='ocr_line' id='line_1_33' title="bbox 133 3314 704 3396; baseline -0.005 -19"><span class='ocrx_word' id='word_1_272' title='bbox 133 3317 314 3378; x_wconf 90' lang='lat' dir='ltr'><strong>miserorum</strong></span> <span class='ocrx_word' id='word_1_273' title='bbox 330 3316 431 3377; x_wconf 89' lang='lat' dir='ltr'><strong>oeulos</strong></span> <span class='ocrx_word' id='word_1_274' title='bbox 448 3315 544 3396; x_wconf 89' lang='lat' dir='ltr'><strong>coepit</strong></span> <span class='ocrx_word' id='word_1_275' title='bbox 560 3314 704 3376; x_wconf 88' lang='lat' dir='ltr'><strong>obducere</strong></span> 
     </span>
     <span class='ocr_line' id='line_1_34' title="bbox 682 3420 701 3462; baseline 0 0"><span class='ocrx_word' id='word_1_276' title='bbox 682 3420 701 3462; x_wconf 79' lang='lat' dir='ltr'><strong>ae</strong></span> 
     </span>
    </p>
   </div>
   <div class='ocr_carea' id='block_1_10' title="bbox 76 3490 1244 3690">
    <p class='ocr_par' dir='ltr' id='par_1_13' title="bbox 76 3490 1244 3667">
     <span class='ocr_line' id='line_1_35' title="bbox 76 3490 1244 3599; baseline -0.005 -37"><span class='ocrx_word' id='word_1_277' title='bbox 76 3511 117 3574; x_wconf 82' lang='lat'><strong>20</strong></span> <span class='ocrx_word' id='word_1_278' title='bbox 218 3491 313 3599; x_wconf 83' lang='lat' dir='ltr'><strong>rogo&#39;</strong></span> <span class='ocrx_word' id='word_1_279' title='bbox 329 3500 447 3580; x_wconf 89' lang='lat' dir='ltr'><strong>inquam</strong></span> <span class='ocrx_word' id='word_1_280' title='bbox 460 3490 601 3568; x_wconf 76' lang='lat' dir='ltr'><strong>‘domina</strong></span> <span class='ocrx_word' id='word_1_281' title='bbox 618 3494 728 3576; x_wconf 81' lang='lat' dir='ltr'><strong>siquid</strong></span> <span class='ocrx_word' id='word_1_282' title='bbox 744 3493 811 3554; x_wconf 92' lang='lat' dir='ltr'><strong>trist</strong></span> <span class='ocrx_word' id='word_1_283' title='bbox 813 3492 857 3553; x_wconf 85' lang='grc' dir='ltr'><strong>ιιι</strong></span> <span class='ocrx_word' id='word_1_284' title='bbox 870 3510 965 3571; x_wconf 90' lang='lat' dir='ltr'><strong>paras,</strong></span> <span class='ocrx_word' id='word_1_285' title='bbox 982 3492 1104 3554; x_wconf 88' lang='lat' dir='ltr'><strong>celerius</strong></span> <span class='ocrx_word' id='word_1_286' title='bbox 1118 3495 1244 3568; x_wconf 74' lang='grc' dir='ltr'>ιοιιιιιις</span> 
     </span>
     <span class='ocr_line' id='line_1_36' title="bbox 133 3578 1244 3690; baseline -0.006 -42"><span class='ocrx_word' id='word_1_287' title='bbox 133 3604 237 3690; x_wconf 82' lang='lat' dir='ltr'><strong>neque</strong></span> <span class='ocrx_word' id='word_1_288' title='bbox 251 3587 328 3648; x_wconf 89' lang='lat' dir='ltr'><strong>enim</strong></span> <span class='ocrx_word' id='word_1_289' title='bbox 349 3594 408 3647; x_wconf 91' lang='lat' dir='ltr'><strong>tam</strong></span> <span class='ocrx_word' id='word_1_290' title='bbox 430 3601 568 3662; x_wconf 91' lang='lat' dir='ltr'><strong>maguum</strong></span> <span class='ocrx_word' id='word_1_291' title='bbox 591 3582 704 3643; x_wconf 86' lang='lat' dir='ltr'><strong>facinus</strong></span> <span class='ocrx_word' id='word_1_292' title='bbox 726 3578 915 3653; x_wconf 92' lang='lat' dir='ltr'><strong>admisimus,</strong></span> <span class='ocrx_word' id='word_1_293' title='bbox 940 3585 975 3639; x_wconf 92' lang='lat' dir='ltr'><strong>ut</strong></span> <span class='ocrx_word' id='word_1_294' title='bbox 993 3578 1154 3641; x_wconf 91' lang='lat' dir='ltr'><strong>debeamus</strong></span> <span class='ocrx_word' id='word_1_295' title='bbox 1172 3580 1244 3641; x_wconf 91' lang='lat' dir='ltr'><strong>torti</strong></span> 
     </span>
    </p>
   </div>
   <div class='ocr_carea' id='block_1_11' title="bbox 132 3663 703 3791">
    <p class='ocr_par' dir='ltr' id='par_1_14' title="bbox 132 3663 703 3791">
     <span class='ocr_line' id='line_1_37' title="bbox 132 3663 237 3751; baseline -0.011 -18"><span class='ocrx_word' id='word_1_296' title='bbox 132 3663 237 3751; x_wconf 85' lang='lat' dir='ltr'><strong>perire’</strong></span> 
     </span>
     <span class='ocr_line' id='line_1_38' title="bbox 682 3749 703 3791; baseline 0 0"><span class='ocrx_word' id='word_1_297' title='bbox 682 3749 703 3791; x_wconf 74' lang='lat' dir='ltr'><strong>a</strong></span> 
     </span>
    </p>
   </div>
   <div class='ocr_carea' id='block_1_12' title="bbox 132 3820 1243 3977">
    <p class='ocr_par' dir='ltr' id='par_1_15' title="bbox 132 3820 1243 3977">
     <span class='ocr_line' id='line_1_39' title="bbox 220 3820 1243 3972; baseline -0.006 -84"><span class='ocrx_word' id='word_1_298' title='bbox 220 3827 320 3972; x_wconf 50' lang='lat' dir='ltr'><strong>energia</strong></span> <span class='ocrx_word' id='word_1_299' title='bbox 336 3844 410 3906; x_wconf 89' lang='lat' dir='ltr'><strong>quae</strong></span> <span class='ocrx_word' id='word_1_300' title='bbox 418 3824 531 3904; x_wconf 74' lang='lat' dir='ltr'><strong>Psyche</strong></span> <span class='ocrx_word' id='word_1_301' title='bbox 546 3823 711 3895; x_wconf 87' lang='lat' dir='ltr'><strong>vocabatur,</strong></span> <span class='ocrx_word' id='word_1_302' title='bbox 726 3820 880 3883; x_wconf 87' lang='lat' dir='ltr'><strong>lodiculam</strong></span> <span class='ocrx_word' id='word_1_303' title='bbox 897 3820 926 3881; x_wconf 90' lang='lat' dir='ltr'><strong>in</strong></span> <span class='ocrx_word' id='word_1_304' title='bbox 941 3821 1108 3899; x_wconf 88' lang='lat' dir='ltr'><strong>pavimento</strong></span> <span class='ocrx_word' id='word_1_305' title='bbox 1120 3820 1243 3900; x_wconf 85' lang='lat' dir='ltr'><strong>diligen-</strong></span> 
     </span>
     <span class='ocr_line' id='line_1_40' title="bbox 132 3912 321 3977; baseline -0.021 -1"><span class='ocrx_word' id='word_1_306' title='bbox 132 3921 276 3977; x_wconf 81' lang='lat' dir='ltr'><strong>torenton</strong></span> <span class='ocrx_word' id='word_1_307' title='bbox 298 3912 321 3972; x_wconf 90' lang='lat' dir='ltr'><strong>it</strong></span> 
     </span>
    </p>
   </div>
   <div class='ocr_carea' id='block_1_13' title="bbox 220 4035 1047 4132">
    <p class='ocr_par' dir='ltr' id='par_1_16' title="bbox 220 4035 1047 4132">
     <span class='ocr_line' id='line_1_41' title="bbox 220 4035 1047 4132; baseline -0.008 -19"><span class='ocrx_word' id='word_1_308' title='bbox 220 4050 387 4113; x_wconf 84' lang='lat' dir='ltr'><strong>sollicitavit</strong></span> <span class='ocrx_word' id='word_1_309' title='bbox 400 4035 519 4132; x_wconf 88' lang='lat' dir='ltr'><strong>inguina</strong></span> <span class='ocrx_word' id='word_1_310' title='bbox 534 4066 599 4110; x_wconf 90' lang='lat' dir='ltr'><strong>mea</strong></span> <span class='ocrx_word' id='word_1_311' title='bbox 614 4046 694 4108; x_wconf 90' lang='lat' dir='ltr'><strong>mille</strong></span> <span class='ocrx_word' id='word_1_312' title='bbox 709 4047 768 4108; x_wconf 91' lang='lat' dir='ltr'><strong>iam</strong></span> <span class='ocrx_word' id='word_1_313' title='bbox 783 4045 929 4108; x_wconf 88' lang='lat' dir='ltr'><strong>mortibus</strong></span> <span class='ocrx_word' id='word_1_314' title='bbox 945 4044 1047 4123; x_wconf 84' lang='lat' dir='ltr'><strong>lrigida</strong></span> 
     </span>
    </p>
   </div>
   <div class='ocr_carea' id='block_1_14' title="bbox 0 0 1329 4710">
    <p class='ocr_par' dir='ltr' id='par_1_17' title="bbox 0 0 1329 4710">
     <span class='ocr_line' id='line_1_42' title="bbox 0 0 1329 4710; baseline 0 0"><span class='ocrx_word' id='word_1_315' title='bbox 0 0 1329 4710; x_wconf 95' lang='lat' dir='ltr'><strong> </strong></span> 
     </span>
    </p>
   </div>
  </div>
 </body>
</html>
