<?xml version="1.0" encoding="UTF-8"?>
<!DOCTYPE html PUBLIC "-//W3C//DTD XHTML 1.0 Transitional//EN"
    "http://www.w3.org/TR/xhtml1/DTD/xhtml1-transitional.dtd">
<html xmlns="http://www.w3.org/1999/xhtml" xml:lang="en" lang="en">
 <head>
  <title>
</title>
<meta http-equiv="Content-Type" content="text/html;charset=utf-8" />
  <meta name='ocr-system' content='tesseract 3.04.00' />
  <meta name='ocr-capabilities' content='ocr_page ocr_carea ocr_par ocr_line ocrx_word'/>
</head>
<body>
  <div class='ocr_page' id='page_1' title='image "./petroniiarbitri00arbigoog_0055.png"; bbox 0 0 2646 4710; ppageno 0'>
   <div class='ocr_carea' id='block_1_1' title="bbox 128 330 760 402">
    <p class='ocr_par' dir='ltr' id='par_1_1' title="bbox 128 330 760 402">
     <span class='ocr_line' id='line_1_1' title="bbox 128 330 760 402; baseline -0.005 -18"><span class='ocrx_word' id='word_1_1' title='bbox 128 339 168 402; x_wconf 83' lang='lat'>40</span> <span class='ocrx_word' id='word_1_2' title='bbox 603 330 760 384; x_wconf 84' lang='lat' dir='ltr'>rnrxoun</span> 
     </span>
    </p>
   </div>
   <div class='ocr_carea' id='block_1_2' title="bbox 63 483 1258 3381">
    <p class='ocr_par' dir='ltr' id='par_1_2' title="bbox 63 483 1258 3381">
     <span class='ocr_line' id='line_1_2' title="bbox 127 483 1239 566; baseline -0.004 -15"><span class='ocrx_word' id='word_1_3' title='bbox 127 508 192 551; x_wconf 77' lang='lat' dir='ltr'>nos</span> <span class='ocrx_word' id='word_1_4' title='bbox 205 489 234 549; x_wconf 91' lang='lat' dir='ltr'>in</span> <span class='ocrx_word' id='word_1_5' title='bbox 252 489 403 561; x_wconf 90' lang='lat' dir='ltr'>balneum,</span> <span class='ocrx_word' id='word_1_6' title='bbox 425 507 492 548; x_wconf 90' lang='lat' dir='ltr'>meo</span> <span class='ocrx_word' id='word_1_7' title='bbox 513 486 657 566; x_wconf 90' lang='lat' dir='ltr'>periculo,</span> <span class='ocrx_word' id='word_1_8' title='bbox 677 503 738 546; x_wconf 93' lang='lat' dir='ltr'>non</span> <span class='ocrx_word' id='word_1_9' title='bbox 777 484 922 546; x_wconf 89' lang='lat' dir='ltr'>cenitebit.</span> <span class='ocrx_word' id='word_1_10' title='bbox 953 483 995 545; x_wconf 91' lang='lat' dir='ltr'>sic</span> <span class='ocrx_word' id='word_1_11' title='bbox 1010 483 1082 544; x_wconf 92' lang='lat' dir='ltr'>calet</span> <span class='ocrx_word' id='word_1_12' title='bbox 1096 490 1239 564; x_wconf 84' lang='lat' dir='ltr'>tanquam</span> 
     </span>
     <span class='ocr_line' id='line_1_3' title="bbox 127 563 1241 651; baseline -0.005 -15"><span class='ocrx_word' id='word_1_13' title='bbox 127 567 254 636; x_wconf 65' lang='lat' dir='ltr'>furnus?</span> <span class='ocrx_word' id='word_1_14' title='bbox 279 566 373 647; x_wconf 89' lang='lat' dir='ltr'>‘ver0‚</span> <span class='ocrx_word' id='word_1_15' title='bbox 389 563 465 633; x_wconf 81' lang='lat' dir='ltr'>vero&#39;</span> <span class='ocrx_word' id='word_1_16' title='bbox 481 573 575 651; x_wconf 91' lang='lat' dir='ltr'>inquit</span> <span class='ocrx_word' id='word_1_17' title='bbox 589 572 738 632; x_wconf 80' lang='lat' dir='ltr'>Habinnas</span> <span class='ocrx_word' id='word_1_18' title='bbox 764 573 799 632; x_wconf 93' lang='lat' dir='ltr'>de</span> <span class='ocrx_word' id='word_1_19' title='bbox 815 588 871 630; x_wconf 90' lang='lat' dir='ltr'>una</span> <span class='ocrx_word' id='word_1_20' title='bbox 888 570 933 629; x_wconf 90' lang='lat' dir='ltr'>dic</span> <span class='ocrx_word' id='word_1_21' title='bbox 948 570 1020 630; x_wconf 91' lang='lat' dir='ltr'>duas</span> <span class='ocrx_word' id='word_1_22' title='bbox 1036 570 1147 642; x_wconf 85' lang='lat' dir='ltr'>facere,</span> <span class='ocrx_word' id='word_1_23' title='bbox 1169 570 1241 631; x_wconf 90' lang='lat' dir='ltr'>nihil</span> 
     </span>
     <span class='ocr_line' id='line_1_4' title="bbox 129 652 1240 739; baseline -0.004 -18"><span class='ocrx_word' id='word_1_24' title='bbox 129 652 217 721; x_wconf 86' lang='lat' dir='ltr'>malo’</span> <span class='ocrx_word' id='word_1_25' title='bbox 233 660 378 739; x_wconf 90' lang='lat' dir='ltr'>nudisque</span> <span class='ocrx_word' id='word_1_26' title='bbox 397 658 582 720; x_wconf 79' lang='lat' dir='ltr'>consurrexit</span> <span class='ocrx_word' id='word_1_27' title='bbox 600 657 723 737; x_wconf 91' lang='lat' dir='ltr'>pedibus</span> <span class='ocrx_word' id='word_1_28' title='bbox 744 664 772 717; x_wconf 91' lang='lat' dir='ltr'>et</span> <span class='ocrx_word' id='word_1_29' title='bbox 788 654 1033 716; x_wconf 81' lang='lat' dir='ltr'>Trimalchionem</span> <span class='ocrx_word' id='word_1_30' title='bbox 1052 657 1240 735; x_wconf 70' lang='lat' dir='ltr'>plaudentem</span> 
     </span>
     <span class='ocr_line' id='line_1_5' title="bbox 129 745 381 824; baseline -0.004 -18"><span class='ocrx_word' id='word_1_31' title='bbox 129 745 268 824; x_wconf 88' lang='lat' dir='ltr'>subsequi</span> <span class='ocrx_word' id='word_1_32' title='bbox 284 748 381 824; x_wconf 85' lang='lat' dir='ltr'>coepit.</span> 
     </span>
     <span class='ocr_line' id='line_1_6' title="bbox 215 817 1239 909; baseline -0.004 -18"><span class='ocrx_word' id='word_1_33' title='bbox 215 849 268 909; x_wconf 91' lang='lat' dir='ltr'>ego</span> <span class='ocrx_word' id='word_1_34' title='bbox 290 829 450 908; x_wconf 86' lang='lat' dir='ltr'>respiciens</span> <span class='ocrx_word' id='word_1_35' title='bbox 471 827 506 888; x_wconf 92' lang='lat' dir='ltr'>ad</span> <span class='ocrx_word' id='word_1_36' title='bbox 522 827 659 906; x_wconf 81' lang='lat' dir='ltr'>Ascylton</span> <span class='ocrx_word' id='word_1_37' title='bbox 679 818 760 905; x_wconf 79' lang='lat' dir='ltr'>‘quid</span> <span class='ocrx_word' id='word_1_38' title='bbox 777 817 923 905; x_wconf 72' lang='lat' dir='ltr'>cogitasi&#39;</span> <span class='ocrx_word' id='word_1_39' title='bbox 946 825 1064 904; x_wconf 90' lang='lat' dir='ltr'>inquam</span> <span class='ocrx_word' id='word_1_40' title='bbox 1076 817 1144 904; x_wconf 73' lang='lat' dir='ltr'>‘ego</span> <span class='ocrx_word' id='word_1_41' title='bbox 1161 826 1239 888; x_wconf 89' lang='lat' dir='ltr'>enim</span> 
     </span>
     <span class='ocr_line' id='line_1_7' title="bbox 129 902 1239 991; baseline -0.003 -14"><span class='ocrx_word' id='word_1_42' title='bbox 129 916 154 977; x_wconf 93' lang='lat' dir='ltr'>si</span> <span class='ocrx_word' id='word_1_43' title='bbox 171 916 268 976; x_wconf 90' lang='lat' dir='ltr'>videro</span> <span class='ocrx_word' id='word_1_44' title='bbox 284 915 435 985; x_wconf 91' lang='lat' dir='ltr'>balneum,</span> <span class='ocrx_word' id='word_1_45' title='bbox 457 913 554 973; x_wconf 90' lang='lat' dir='ltr'>statim</span> <span class='ocrx_word' id='word_1_46' title='bbox 575 904 737 991; x_wconf 81' lang='lat' dir='ltr'>expirabo&#39;.</span> <span class='ocrx_word' id='word_1_47' title='bbox 763 902 973 973; x_wconf 79' lang='lat' dir='ltr'>‘assentemur&#39;</span> <span class='ocrx_word' id='word_1_48' title='bbox 995 911 1034 971; x_wconf 91' lang='lat' dir='ltr'>ait</span> <span class='ocrx_word' id='word_1_49' title='bbox 1048 911 1094 972; x_wconf 94' lang='lat' dir='ltr'>ille</span> <span class='ocrx_word' id='word_1_50' title='bbox 1107 905 1153 973; x_wconf 75' lang='lat' dir='ltr'>cet</span> <span class='ocrx_word' id='word_1_51' title='bbox 1170 912 1239 974; x_wconf 90' lang='lat' dir='ltr'>dum</span> 
     </span>
     <span class='ocr_line' id='line_1_8' title="bbox 130 988 1240 1078; baseline -0.003 -16"><span class='ocrx_word' id='word_1_52' title='bbox 130 1001 168 1062; x_wconf 94' lang='lat' dir='ltr'>illi</span> <span class='ocrx_word' id='word_1_53' title='bbox 184 1000 322 1062; x_wconf 90' lang='lat' dir='ltr'>balneum</span> <span class='ocrx_word' id='word_1_54' title='bbox 338 1007 455 1078; x_wconf 90' lang='lat' dir='ltr'>petunt,</span> <span class='ocrx_word' id='word_1_55' title='bbox 477 1016 532 1058; x_wconf 90' lang='lat' dir='ltr'>nos</span> <span class='ocrx_word' id='word_1_56' title='bbox 552 999 583 1058; x_wconf 96' lang='lat' dir='ltr'>in</span> <span class='ocrx_word' id='word_1_57' title='bbox 603 999 687 1058; x_wconf 90' lang='lat' dir='ltr'>turha</span> <span class='ocrx_word' id='word_1_58' title='bbox 699 988 853 1059; x_wconf 83' lang='lat' dir='ltr'>exeamus‘.</span> <span class='ocrx_word' id='word_1_59' title='bbox 884 1016 949 1057; x_wconf 92' lang='lat' dir='ltr'>cum</span> <span class='ocrx_word' id='word_1_60' title='bbox 965 997 1037 1057; x_wconf 90' lang='lat' dir='ltr'>haec</span> <span class='ocrx_word' id='word_1_61' title='bbox 1051 997 1240 1076; x_wconf 80' lang='lat' dir='ltr'>placuissent,</span> 
     </span>
     <span class='ocr_line' id='line_1_9' title="bbox 130 1081 1239 1163; baseline -0.002 -16"><span class='ocrx_word' id='word_1_62' title='bbox 130 1088 254 1147; x_wconf 90' lang='lat' dir='ltr'>ducente</span> <span class='ocrx_word' id='word_1_63' title='bbox 270 1103 323 1163; x_wconf 93' lang='lat' dir='ltr'>per</span> <span class='ocrx_word' id='word_1_64' title='bbox 337 1083 484 1162; x_wconf 90' lang='lat' dir='ltr'>porticum</span> <span class='ocrx_word' id='word_1_65' title='bbox 501 1083 606 1143; x_wconf 89' lang='lat' dir='ltr'>Gitone</span> <span class='ocrx_word' id='word_1_66' title='bbox 621 1085 656 1144; x_wconf 92' lang='lat' dir='ltr'>ad</span> <span class='ocrx_word' id='word_1_67' title='bbox 672 1084 787 1144; x_wconf 88' lang='lat' dir='ltr'>ianuam</span> <span class='ocrx_word' id='word_1_68' title='bbox 805 1082 947 1156; x_wconf 91' lang='lat' dir='ltr'>venimus,</span> <span class='ocrx_word' id='word_1_69' title='bbox 963 1081 1012 1143; x_wconf 92' lang='lat' dir='ltr'>ubi</span> <span class='ocrx_word' id='word_1_70' title='bbox 1028 1083 1107 1143; x_wconf 90' lang='lat' dir='ltr'>canis</span> <span class='ocrx_word' id='word_1_71' title='bbox 1124 1092 1239 1145; x_wconf 89' lang='lat' dir='ltr'>catena·</span> 
     </span>
     <span class='ocr_line' id='line_1_10' title="bbox 130 1168 1239 1248; baseline -0.002 -16"><span class='ocrx_word' id='word_1_72' title='bbox 130 1173 192 1232; x_wconf 89' lang='lat' dir='ltr'>rius</span> <span class='ocrx_word' id='word_1_73' title='bbox 209 1177 289 1231; x_wconf 89' lang='lat' dir='ltr'>tanto</span> <span class='ocrx_word' id='word_1_74' title='bbox 305 1188 361 1230; x_wconf 91' lang='lat' dir='ltr'>nos</span> <span class='ocrx_word' id='word_1_75' title='bbox 378 1170 504 1231; x_wconf 90' lang='lat' dir='ltr'>tumultu</span> <span class='ocrx_word' id='word_1_76' title='bbox 519 1169 645 1247; x_wconf 83' lang='lat' dir='ltr'>excepit,</span> <span class='ocrx_word' id='word_1_77' title='bbox 662 1176 694 1229; x_wconf 90' lang='lat' dir='ltr'>ut</span> <span class='ocrx_word' id='word_1_78' title='bbox 708 1169 839 1248; x_wconf 80' lang='lat' dir='ltr'>Ascyltos</span> <span class='ocrx_word' id='word_1_79' title='bbox 856 1169 944 1229; x_wconf 89' lang='lat' dir='ltr'>etiam</span> <span class='ocrx_word' id='word_1_80' title='bbox 961 1168 990 1228; x_wconf 92' lang='lat' dir='ltr'>in</span> <span class='ocrx_word' id='word_1_81' title='bbox 1007 1168 1150 1247; x_wconf 90' lang='lat' dir='ltr'>piscinam</span> <span class='ocrx_word' id='word_1_82' title='bbox 1166 1170 1239 1230; x_wconf 90' lang='lat' dir='ltr'>ceci-</span> 
     </span>
     <span class='ocr_line' id='line_1_11' title="bbox 130 1254 1258 1333; baseline -0.001 -16"><span class='ocrx_word' id='word_1_83' title='bbox 130 1257 215 1317; x_wconf 73' lang='lat' dir='ltr'>derit·</span> <span class='ocrx_word' id='word_1_84' title='bbox 243 1272 373 1316; x_wconf 92' lang='lat' dir='ltr'>necnon</span> <span class='ocrx_word' id='word_1_85' title='bbox 389 1273 442 1333; x_wconf 89' lang='lat' dir='ltr'>ego</span> <span class='ocrx_word' id='word_1_86' title='bbox 460 1273 576 1333; x_wconf 92' lang='lat' dir='ltr'>quoque</span> <span class='ocrx_word' id='word_1_87' title='bbox 592 1254 775 1333; x_wconf 86' lang='lat' dir='ltr'>eb1·ius,·qui</span> <span class='ocrx_word' id='word_1_88' title='bbox 791 1254 877 1314; x_wconf 93' lang='lat' dir='ltr'>etiam</span> <span class='ocrx_word' id='word_1_89' title='bbox 894 1254 1005 1333; x_wconf 89' lang='lat' dir='ltr'>pictum</span> <span class='ocrx_word' id='word_1_90' title='bbox 1021 1255 1176 1316; x_wconf 91' lang='lat' dir='ltr'>timueram</span> <span class='ocrx_word' id='word_1_91' title='bbox 1193 1274 1239 1316; x_wconf 91' lang='lat' dir='ltr'>ca·</span> <span class='ocrx_word' id='word_1_92' title='bbox 1256 1301 1258 1303; x_wconf 47' lang='lat'>&gt;</span> 
     </span>
     <span class='ocr_line' id='line_1_12' title="bbox 130 1340 1238 1419; baseline -0.002 -17"><span class='ocrx_word' id='word_1_93' title='bbox 130 1360 214 1414; x_wconf 89' lang='lat' dir='ltr'>nem,</span> <span class='ocrx_word' id='word_1_94' title='bbox 241 1342 311 1401; x_wconf 91' lang='lat' dir='ltr'>dum</span> <span class='ocrx_word' id='word_1_95' title='bbox 331 1340 440 1400; x_wconf 89' lang='lat' dir='ltr'>natanti</span> <span class='ocrx_word' id='word_1_96' title='bbox 461 1359 548 1419; x_wconf 92' lang='lat' dir='ltr'>opem</span> <span class='ocrx_word' id='word_1_97' title='bbox 568 1340 648 1415; x_wconf 87' lang='lat' dir='ltr'>fero,</span> <span class='ocrx_word' id='word_1_98' title='bbox 676 1340 704 1400; x_wconf 90' lang='lat' dir='ltr'>in</span> <span class='ocrx_word' id='word_1_99' title='bbox 725 1340 850 1400; x_wconf 92' lang='lat' dir='ltr'>eundem</span> <span class='ocrx_word' id='word_1_100' title='bbox 870 1341 1012 1418; x_wconf 84' lang='lat' dir='ltr'>gurgitem</span> <span class='ocrx_word' id='word_1_101' title='bbox 1032 1346 1143 1400; x_wconf 88' lang='lat' dir='ltr'>tractos</span> <span class='ocrx_word' id='word_1_102' title='bbox 1163 1359 1238 1402; x_wconf 84' lang='lat' dir='ltr'>sum.</span> 
     </span>
     <span class='ocr_line' id='line_1_13' title="bbox 132 1425 1241 1504; baseline -0.001 -17"><span class='ocrx_word' id='word_1_103' title='bbox 132 1426 256 1488; x_wconf 89' lang='lat' dir='ltr'>servavit</span> <span class='ocrx_word' id='word_1_104' title='bbox 275 1444 331 1486; x_wconf 88' lang='lat' dir='ltr'>nos</span> <span class='ocrx_word' id='word_1_105' title='bbox 352 1432 449 1486; x_wconf 92' lang='lat' dir='ltr'>tamen</span> <span class='ocrx_word' id='word_1_106' title='bbox 469 1425 617 1500; x_wconf 77' lang='lat' dir='ltr'>atriensiS,</span> <span class='ocrx_word' id='word_1_107' title='bbox 641 1426 690 1504; x_wconf 93' lang='lat' dir='ltr'>qui</span> <span class='ocrx_word' id='word_1_108' title='bbox 707 1425 870 1486; x_wconf 87' lang='lat' dir='ltr'>interventu</span> <span class='ocrx_word' id='word_1_109' title='bbox 886 1444 941 1486; x_wconf 87' lang='lat' dir='ltr'>suo</span> <span class='ocrx_word' id='word_1_110' title='bbox 958 1432 986 1486; x_wconf 91' lang='lat' dir='ltr'>et</span> <span class='ocrx_word' id='word_1_111' title='bbox 1002 1444 1103 1486; x_wconf 91' lang='lat' dir='ltr'>canem</span> <span class='ocrx_word' id='word_1_112' title='bbox 1119 1426 1241 1504; x_wconf 90' lang='lat' dir='ltr'>placavit</span> 
     </span>
     <span class='ocr_line' id='line_1_14' title="bbox 131 1510 1239 1590; baseline -0.001 -17"><span class='ocrx_word' id='word_1_113' title='bbox 131 1520 161 1573; x_wconf 88' lang='lat' dir='ltr'>et</span> <span class='ocrx_word' id='word_1_114' title='bbox 181 1531 236 1572; x_wconf 91' lang='lat' dir='ltr'>nos</span> <span class='ocrx_word' id='word_1_115' title='bbox 256 1519 414 1572; x_wconf 90' lang='lat' dir='ltr'>trementes</span> <span class='ocrx_word' id='word_1_116' title='bbox 436 1511 558 1571; x_wconf 80' lang='lat' dir='ltr'>extraxit</span> <span class='ocrx_word' id='word_1_117' title='bbox 578 1510 608 1569; x_wconf 95' lang='lat' dir='ltr'>in</span> <span class='ocrx_word' id='word_1_118' title='bbox 629 1511 748 1572; x_wconf 91' lang='lat' dir='ltr'>siccum.</span> <span class='ocrx_word' id='word_1_119' title='bbox 779 1520 808 1572; x_wconf 90' lang='lat' dir='ltr'>et</span> <span class='ocrx_word' id='word_1_120' title='bbox 824 1511 911 1571; x_wconf 90' lang='lat' dir='ltr'>Giton</span> <span class='ocrx_word' id='word_1_121' title='bbox 927 1511 1042 1590; x_wconf 91' lang='lat' dir='ltr'>quidem</span> <span class='ocrx_word' id='word_1_122' title='bbox 1058 1510 1239 1572; x_wconf 89' lang='lat' dir='ltr'>iamdudum</span> 
     </span>
     <span class='ocr_line' id='line_1_15' title="bbox 131 1595 1239 1675; baseline 0.001 -18"><span class='ocrx_word' id='word_1_123' title='bbox 131 1617 163 1658; x_wconf 91' lang='lat' dir='ltr'>se</span> <span class='ocrx_word' id='word_1_124' title='bbox 177 1597 290 1657; x_wconf 88' lang='lat' dir='ltr'>ratione</span> <span class='ocrx_word' id='word_1_125' title='bbox 301 1595 469 1658; x_wconf 90' lang='lat' dir='ltr'>acutissima</span> <span class='ocrx_word' id='word_1_126' title='bbox 481 1596 645 1656; x_wconf 87' lang='lat' dir='ltr'>redemerat</span> <span class='ocrx_word' id='word_1_127' title='bbox 657 1615 673 1657; x_wconf 91' lang='lat' dir='ltr'>a</span> <span class='ocrx_word' id='word_1_128' title='bbox 685 1615 766 1670; x_wconf 70' lang='lat' dir='ltr'>canc,</span> <span class='ocrx_word' id='word_1_129' title='bbox 783 1596 919 1675; x_wconf 88' lang='lat' dir='ltr'>quicquid</span> <span class='ocrx_word' id='word_1_130' title='bbox 935 1597 1013 1656; x_wconf 90' lang='lat' dir='ltr'>enim</span> <span class='ocrx_word' id='word_1_131' title='bbox 1028 1616 1044 1658; x_wconf 90' lang='lat' dir='ltr'>a</span> <span class='ocrx_word' id='word_1_132' title='bbox 1059 1597 1145 1657; x_wconf 94' lang='lat' dir='ltr'>nobis</span> <span class='ocrx_word' id='word_1_133' title='bbox 1157 1616 1239 1658; x_wconf 87' lang='lat' dir='ltr'>acce·</span> 
     </span>
     <span class='ocr_line' id='line_1_16' title="bbox 130 1680 1240 1764; baseline 0.003 -22"><span class='ocrx_word' id='word_1_134' title='bbox 130 1690 212 1762; x_wconf 88' lang='lat' dir='ltr'>perat</span> <span class='ocrx_word' id='word_1_135' title='bbox 227 1682 261 1741; x_wconf 88' lang='lat' dir='ltr'>de</span> <span class='ocrx_word' id='word_1_136' title='bbox 278 1700 355 1753; x_wconf 89' lang='lat' dir='ltr'>cena,</span> <span class='ocrx_word' id='word_1_137' title='bbox 371 1680 484 1741; x_wconf 90' lang='lat' dir='ltr'>latranti</span> <span class='ocrx_word' id='word_1_138' title='bbox 501 1688 656 1760; x_wconf 91' lang='lat' dir='ltr'>sparserat.</span> <span class='ocrx_word' id='word_1_139' title='bbox 687 1682 776 1742; x_wconf 93' lang='lat' dir='ltr'>atille</span> <span class='ocrx_word' id='word_1_140' title='bbox 791 1689 927 1743; x_wconf 89' lang='lat' dir='ltr'>avocatus</span> <span class='ocrx_word' id='word_1_141' title='bbox 944 1682 1007 1742; x_wconf 89' lang='lat' dir='ltr'>cibo</span> <span class='ocrx_word' id='word_1_142' title='bbox 1022 1681 1154 1742; x_wconf 88' lang='lat' dir='ltr'>furorem</span> <span class='ocrx_word' id='word_1_143' title='bbox 1168 1701 1240 1764; x_wconf 91' lang='lat' dir='ltr'>sup-</span> 
     </span>
     <span class='ocr_line' id='line_1_17' title="bbox 131 1766 1240 1870; baseline 0.005 -44"><span class='ocrx_word' id='word_1_144' title='bbox 131 1774 289 1847; x_wconf 88' lang='lat' dir='ltr'>presserat.</span> <span class='ocrx_word' id='word_1_145' title='bbox 320 1773 449 1827; x_wconf 88' lang='lat' dir='ltr'>ceterum</span> <span class='ocrx_word' id='word_1_146' title='bbox 466 1785 531 1826; x_wconf 91' lang='lat' dir='ltr'>cum</span> <span class='ocrx_word' id='word_1_147' title='bbox 548 1767 674 1868; x_wconf 78' lang='lat' dir='ltr'>algentes</span> <span class='ocrx_word' id='word_1_148' title='bbox 691 1768 789 1846; x_wconf 89' lang='lat' dir='ltr'>utique</span> <span class='ocrx_word' id='word_1_149' title='bbox 800 1768 981 1870; x_wconf 81' lang='lat' dir='ltr'>petissemus</span> <span class='ocrx_word' id='word_1_150' title='bbox 997 1766 1032 1828; x_wconf 95' lang='lat' dir='ltr'>ab</span> <span class='ocrx_word' id='word_1_151' title='bbox 1047 1768 1186 1841; x_wconf 89' lang='lat' dir='ltr'>atriense,</span> <span class='ocrx_word' id='word_1_152' title='bbox 1208 1777 1240 1831; x_wconf 94' lang='lat' dir='ltr'>ut</span> 
     </span>
     <span class='ocr_line' id='line_1_18' title="bbox 130 1844 1240 1933; baseline 0.002 -20"><span class='ocrx_word' id='word_1_153' title='bbox 130 1871 187 1913; x_wconf 90' lang='lat' dir='ltr'>nos</span> <span class='ocrx_word' id='word_1_154' title='bbox 200 1861 278 1912; x_wconf 86' lang='lat' dir='ltr'>extra</span> <span class='ocrx_word' id='word_1_155' title='bbox 290 1851 405 1913; x_wconf 89' lang='lat' dir='ltr'>ianuam</span> <span class='ocrx_word' id='word_1_156' title='bbox 419 1851 572 1924; x_wconf 88' lang='lat' dir='ltr'>emitteret,</span> <span class='ocrx_word' id='word_1_157' title='bbox 594 1844 681 1913; x_wconf 85' lang='lat' dir='ltr'>erras’</span> <span class='ocrx_word' id='word_1_158' title='bbox 697 1853 792 1932; x_wconf 86' lang='lat' dir='ltr'>inquit</span> <span class='ocrx_word' id='word_1_159' title='bbox 812 1853 837 1913; x_wconf 93' lang='lat' dir='ltr'>si</span> <span class='ocrx_word' id='word_1_160' title='bbox 849 1861 935 1932; x_wconf 91' lang='lat' dir='ltr'>putas</span> <span class='ocrx_word' id='word_1_161' title='bbox 947 1860 975 1913; x_wconf 90' lang='lat' dir='ltr'>te</span> <span class='ocrx_word' id='word_1_162' title='bbox 987 1853 1064 1914; x_wconf 90' lang='lat' dir='ltr'>exire</span> <span class='ocrx_word' id='word_1_163' title='bbox 1077 1854 1132 1914; x_wconf 91' lang='lat' dir='ltr'>hac</span> <span class='ocrx_word' id='word_1_164' title='bbox 1142 1872 1240 1933; x_wconf 88' lang='lat' dir='ltr'>posse,</span> 
     </span>
     <span class='ocr_line' id='line_1_19' title="bbox 63 1938 1241 2018; baseline 0.001 -19"><span class='ocrx_word' id='word_1_165' title='bbox 63 1954 75 1962; x_wconf 73' lang='grc'>·“</span> <span class='ocrx_word' id='word_1_166' title='bbox 133 1956 189 2017; x_wconf 92' lang='lat' dir='ltr'>qua</span> <span class='ocrx_word' id='word_1_167' title='bbox 207 1938 324 1998; x_wconf 88' lang='lat' dir='ltr'>venisti.</span> <span class='ocrx_word' id='word_1_168' title='bbox 353 1955 440 1997; x_wconf 92' lang='lat' dir='ltr'>nemo</span> <span class='ocrx_word' id='word_1_169' title='bbox 463 1954 592 2016; x_wconf 90' lang='lat' dir='ltr'>unquam</span> <span class='ocrx_word' id='word_1_170' title='bbox 609 1939 796 2000; x_wconf 91' lang='lat' dir='ltr'>convivarum</span> <span class='ocrx_word' id='word_1_171' title='bbox 812 1958 865 2018; x_wconf 88' lang='lat' dir='ltr'>per</span> <span class='ocrx_word' id='word_1_172' title='bbox 880 1940 1002 1999; x_wconf 90' lang='lat' dir='ltr'>eandem</span> <span class='ocrx_word' id='word_1_173' title='bbox 1018 1939 1134 1999; x_wconf 92' lang='lat' dir='ltr'>ianuam</span> <span class='ocrx_word' id='word_1_174' title='bbox 1151 1939 1241 2000; x_wconf 91' lang='lat' dir='ltr'>emis·</span> 
     </span>
     <span class='ocr_line' id='line_1_20' title="bbox 76 2015 1242 2103; baseline -0.001 -15"><span class='ocrx_word' id='word_1_175' title='bbox 76 2028 115 2090; x_wconf 85' lang='lat'>73</span> <span class='ocrx_word' id='word_1_176' title='bbox 132 2041 182 2085; x_wconf 93' lang='lat' dir='ltr'>sus</span> <span class='ocrx_word' id='word_1_177' title='bbox 199 2033 255 2085; x_wconf 91' lang='lat' dir='ltr'>est:</span> <span class='ocrx_word' id='word_1_178' title='bbox 272 2023 325 2083; x_wconf 90' lang='lat' dir='ltr'>alia</span> <span class='ocrx_word' id='word_1_179' title='bbox 340 2024 459 2095; x_wconf 87' lang='lat' dir='ltr'>intrant,</span> <span class='ocrx_word' id='word_1_180' title='bbox 476 2023 529 2084; x_wconf 91' lang='lat' dir='ltr'>alia</span> <span class='ocrx_word' id='word_1_181' title='bbox 544 2015 668 2084; x_wconf 89' lang='lat' dir='ltr'>exeunt&#39;</span> <span class='ocrx_word' id='word_1_182' title='bbox 694 2024 761 2103; x_wconf 89' lang='lat' dir='ltr'>quid</span> <span class='ocrx_word' id='word_1_183' title='bbox 776 2025 916 2085; x_wconf 90' lang='lat' dir='ltr'>faciamos</span> <span class='ocrx_word' id='word_1_184' title='bbox 932 2025 1067 2086; x_wconf 91' lang='lat' dir='ltr'>homines</span> <span class='ocrx_word' id='word_1_185' title='bbox 1084 2024 1242 2087; x_wconf 87' lang='lat' dir='ltr'>miserrimi</span> 
     </span>
     <span class='ocr_line' id='line_1_21' title="bbox 112 2108 1241 2189; baseline 0.003 -19"><span class='ocrx_word' id='word_1_186' title='bbox 112 2182 117 2186; x_wconf 87' lang='lat'>.</span> <span class='ocrx_word' id='word_1_187' title='bbox 132 2117 161 2170; x_wconf 89' lang='lat' dir='ltr'>et</span> <span class='ocrx_word' id='word_1_188' title='bbox 176 2109 244 2170; x_wconf 93' lang='lat' dir='ltr'>novi</span> <span class='ocrx_word' id='word_1_189' title='bbox 260 2109 375 2187; x_wconf 90' lang='lat' dir='ltr'>generis</span> <span class='ocrx_word' id='word_1_190' title='bbox 391 2108 555 2188; x_wconf 80' lang='lat' dir='ltr'>labyrintho</span> <span class='ocrx_word' id='word_1_191' title='bbox 570 2109 684 2182; x_wconf 92' lang='lat' dir='ltr'>inclusi,</span> <span class='ocrx_word' id='word_1_192' title='bbox 701 2110 806 2189; x_wconf 91' lang='lat' dir='ltr'>quibus</span> <span class='ocrx_word' id='word_1_193' title='bbox 821 2110 909 2171; x_wconf 88' lang='lat' dir='ltr'>lavari</span> <span class='ocrx_word' id='word_1_194' title='bbox 924 2109 982 2170; x_wconf 91' lang='lat' dir='ltr'>iam</span> <span class='ocrx_word' id='word_1_195' title='bbox 996 2119 1129 2189; x_wconf 89' lang='lat' dir='ltr'>coeperat</span> <span class='ocrx_word' id='word_1_196' title='bbox 1140 2118 1241 2173; x_wconf 93' lang='lat' dir='ltr'>votum</span> 
     </span>
     <span class='ocr_line' id='line_1_22' title="bbox 131 2192 1241 2276; baseline 0.002 -20"><span class='ocrx_word' id='word_1_197' title='bbox 131 2192 219 2256; x_wconf 71' lang='lat' dir='ltr'>esse?</span> <span class='ocrx_word' id='word_1_198' title='bbox 249 2194 327 2254; x_wconf 90' lang='lat' dir='ltr'>ultro</span> <span class='ocrx_word' id='word_1_199' title='bbox 343 2211 412 2270; x_wconf 88' lang='lat' dir='ltr'>ergo</span> <span class='ocrx_word' id='word_1_200' title='bbox 429 2194 606 2270; x_wconf 85' lang='lat' dir='ltr'>rogavimus,</span> <span class='ocrx_word' id='word_1_201' title='bbox 621 2202 654 2255; x_wconf 91' lang='lat' dir='ltr'>ut</span> <span class='ocrx_word' id='word_1_202' title='bbox 669 2213 724 2254; x_wconf 91' lang='lat' dir='ltr'>nos</span> <span class='ocrx_word' id='word_1_203' title='bbox 740 2196 775 2255; x_wconf 94' lang='lat' dir='ltr'>ad</span> <span class='ocrx_word' id='word_1_204' title='bbox 791 2195 925 2255; x_wconf 91' lang='lat' dir='ltr'>balneum</span> <span class='ocrx_word' id='word_1_205' title='bbox 942 2195 1069 2269; x_wconf 90' lang='lat' dir='ltr'>duceret,</span> <span class='ocrx_word' id='word_1_206' title='bbox 1085 2196 1241 2276; x_wconf 90' lang='lat' dir='ltr'>proiectis-</span> 
     </span>
     <span class='ocr_line' id='line_1_23' title="bbox 132 2279 1241 2359; baseline 0.003 -19"><span class='ocrx_word' id='word_1_207' title='bbox 132 2299 188 2359; x_wconf 90' lang='lat' dir='ltr'>que</span> <span class='ocrx_word' id='word_1_208' title='bbox 204 2279 400 2351; x_wconf 84' lang='lat' dir='ltr'>vestimentis,</span> <span class='ocrx_word' id='word_1_209' title='bbox 421 2296 493 2356; x_wconf 92' lang='lat' dir='ltr'>quae</span> <span class='ocrx_word' id='word_1_210' title='bbox 509 2279 596 2340; x_wconf 86' lang='lat' dir='ltr'>Giton</span> <span class='ocrx_word' id='word_1_211' title='bbox 612 2280 641 2339; x_wconf 92' lang='lat' dir='ltr'>in</span> <span class='ocrx_word' id='word_1_212' title='bbox 657 2281 735 2339; x_wconf 87' lang='lat' dir='ltr'>aditu</span> <span class='ocrx_word' id='word_1_213' title='bbox 752 2281 860 2340; x_wconf 88' lang='lat' dir='ltr'>siccare</span> <span class='ocrx_word' id='word_1_214' title='bbox 876 2281 982 2359; x_wconf 89' lang='lat' dir='ltr'>coepit,</span> <span class='ocrx_word' id='word_1_215' title='bbox 999 2281 1134 2342; x_wconf 92' lang='lat' dir='ltr'>balneum</span> <span class='ocrx_word' id='word_1_216' title='bbox 1149 2281 1241 2343; x_wconf 90' lang='lat' dir='ltr'>intra·</span> 
     </span>
     <span class='ocr_line' id='line_1_24' title="bbox 130 2363 1241 2446; baseline 0.003 -21"><span class='ocrx_word' id='word_1_217' title='bbox 130 2365 239 2437; x_wconf 89' lang='lat' dir='ltr'>vimus,</span> <span class='ocrx_word' id='word_1_218' title='bbox 255 2371 412 2442; x_wconf 89' lang='lat' dir='ltr'>angustum</span> <span class='ocrx_word' id='word_1_219' title='bbox 429 2363 538 2424; x_wconf 92' lang='lat' dir='ltr'>scilicet</span> <span class='ocrx_word' id='word_1_220' title='bbox 553 2373 581 2425; x_wconf 89' lang='lat' dir='ltr'>et</span> <span class='ocrx_word' id='word_1_221' title='bbox 597 2365 737 2426; x_wconf 90' lang='lat' dir='ltr'>cisternae</span> <span class='ocrx_word' id='word_1_222' title='bbox 752 2365 916 2443; x_wconf 90' lang='lat' dir='ltr'>frigidariae</span> <span class='ocrx_word' id='word_1_223' title='bbox 931 2366 1038 2441; x_wconf 89' lang='lat' dir='ltr'>simile,</span> <span class='ocrx_word' id='word_1_224' title='bbox 1053 2367 1082 2427; x_wconf 94' lang='lat' dir='ltr'>in</span> <span class='ocrx_word' id='word_1_225' title='bbox 1100 2385 1157 2446; x_wconf 90' lang='lat' dir='ltr'>quo</span> <span class='ocrx_word' id='word_1_226' title='bbox 1175 2367 1241 2429; x_wconf 89' lang='lat' dir='ltr'>Tri-</span> 
     </span>
     <span class='ocr_line' id='line_1_25' title="bbox 132 2449 1241 2529; baseline 0.002 -18"><span class='ocrx_word' id='word_1_227' title='bbox 132 2449 258 2511; x_wconf 90' lang='lat' dir='ltr'>malchio</span> <span class='ocrx_word' id='word_1_228' title='bbox 275 2456 372 2510; x_wconf 91' lang='lat' dir='ltr'>rectus</span> <span class='ocrx_word' id='word_1_229' title='bbox 389 2449 491 2509; x_wconf 87' lang='lat' dir='ltr'>stabat.</span> <span class='ocrx_word' id='word_1_230' title='bbox 523 2468 556 2509; x_wconf 91' lang='lat' dir='ltr'>ac</span> <span class='ocrx_word' id='word_1_231' title='bbox 570 2468 608 2510; x_wconf 87' lang='lat' dir='ltr'>no</span> <span class='ocrx_word' id='word_1_232' title='bbox 623 2451 664 2510; x_wconf 92' lang='lat' dir='ltr'>sic</span> <span class='ocrx_word' id='word_1_233' title='bbox 680 2451 796 2529; x_wconf 92' lang='lat' dir='ltr'>quidem</span> <span class='ocrx_word' id='word_1_234' title='bbox 809 2452 1024 2529; x_wconf 89' lang='lat' dir='ltr'>putidissimam</span> <span class='ocrx_word' id='word_1_235' title='bbox 1037 2453 1098 2513; x_wconf 89' lang='lat' dir='ltr'>eius</span> <span class='ocrx_word' id='word_1_236' title='bbox 1110 2452 1241 2513; x_wconf 90' lang='lat' dir='ltr'>iactatio-</span> 
     </span>
     <span class='ocr_line' id='line_1_26' title="bbox 131 2535 1242 2616; baseline 0.001 -19"><span class='ocrx_word' id='word_1_237' title='bbox 131 2554 199 2597; x_wconf 88' lang='lat' dir='ltr'>nem</span> <span class='ocrx_word' id='word_1_238' title='bbox 216 2535 296 2597; x_wconf 87' lang='lat' dir='ltr'>licuit</span> <span class='ocrx_word' id='word_1_239' title='bbox 311 2536 452 2614; x_wconf 72' lang='lat' dir='ltr'>elingere,</span> <span class='ocrx_word' id='word_1_240' title='bbox 469 2553 538 2595; x_wconf 93' lang='lat' dir='ltr'>nam</span> <span class='ocrx_word' id='word_1_241' title='bbox 554 2535 624 2596; x_wconf 92' lang='lat' dir='ltr'>nibil</span> <span class='ocrx_word' id='word_1_242' title='bbox 640 2536 744 2596; x_wconf 91' lang='lat' dir='ltr'>melius</span> <span class='ocrx_word' id='word_1_243' title='bbox 760 2556 825 2597; x_wconf 90' lang='lat' dir='ltr'>esse</span> <span class='ocrx_word' id='word_1_244' title='bbox 842 2538 965 2611; x_wconf 90' lang='lat' dir='ltr'>dicebat,</span> <span class='ocrx_word' id='word_1_245' title='bbox 983 2557 1070 2616; x_wconf 90' lang='lat' dir='ltr'>quam</span> <span class='ocrx_word' id='word_1_246' title='bbox 1082 2539 1145 2599; x_wconf 91' lang='lat' dir='ltr'>sine</span> <span class='ocrx_word' id='word_1_247' title='bbox 1157 2539 1242 2599; x_wconf 86' lang='lat' dir='ltr'>turha</span> 
     </span>
     <span class='ocr_line' id='line_1_27' title="bbox 130 2620 1242 2700; baseline 0.004 -19"><span class='ocrx_word' id='word_1_248' title='bbox 130 2621 234 2694; x_wconf 91' lang='lat' dir='ltr'>lavari,</span> <span class='ocrx_word' id='word_1_249' title='bbox 251 2629 280 2682; x_wconf 88' lang='lat' dir='ltr'>et</span> <span class='ocrx_word' id='word_1_250' title='bbox 295 2641 329 2681; x_wconf 89' lang='lat' dir='ltr'>eo</span> <span class='ocrx_word' id='word_1_251' title='bbox 346 2622 413 2700; x_wconf 92' lang='lat' dir='ltr'>ipso</span> <span class='ocrx_word' id='word_1_252' title='bbox 428 2621 494 2680; x_wconf 90' lang='lat' dir='ltr'>loco</span> <span class='ocrx_word' id='word_1_253' title='bbox 511 2620 662 2699; x_wconf 90' lang='lat' dir='ltr'>aliquando</span> <span class='ocrx_word' id='word_1_254' title='bbox 679 2621 837 2699; x_wconf 90' lang='lat' dir='ltr'>pistrinum</span> <span class='ocrx_word' id='word_1_255' title='bbox 852 2623 954 2683; x_wconf 84' lang='lat' dir='ltr'>fuisse.</span> <span class='ocrx_word' id='word_1_256' title='bbox 985 2624 1088 2684; x_wconf 90' lang='lat' dir='ltr'>deinde</span> <span class='ocrx_word' id='word_1_257' title='bbox 1103 2631 1135 2684; x_wconf 91' lang='lat' dir='ltr'>ut</span> <span class='ocrx_word' id='word_1_258' title='bbox 1149 2622 1242 2686; x_wconf 91' lang='lat' dir='ltr'>lassa-</span> 
     </span>
     <span class='ocr_line' id='line_1_28' title="bbox 130 2705 1249 2788; baseline 0.003 -20"><span class='ocrx_word' id='word_1_259' title='bbox 130 2715 178 2768; x_wconf 90' lang='lat' dir='ltr'>tus</span> <span class='ocrx_word' id='word_1_260' title='bbox 202 2705 348 2780; x_wconf 89' lang='lat' dir='ltr'>consedit,</span> <span class='ocrx_word' id='word_1_261' title='bbox 371 2705 509 2767; x_wconf 92' lang='lat' dir='ltr'>invitatus</span> <span class='ocrx_word' id='word_1_262' title='bbox 532 2705 625 2767; x_wconf 88' lang='lat' dir='ltr'>balnei</span> <span class='ocrx_word' id='word_1_263' title='bbox 649 2725 724 2767; x_wconf 91' lang='lat' dir='ltr'>sono</span> <span class='ocrx_word' id='word_1_264' title='bbox 745 2708 857 2769; x_wconf 92' lang='lat' dir='ltr'>diduxit</span> <span class='ocrx_word' id='word_1_265' title='bbox 877 2709 1024 2788; x_wconf 90' lang='lat' dir='ltr'>usquead</span> <span class='ocrx_word' id='word_1_266' title='bbox 1045 2727 1249 2771; x_wconf 83' lang='lat' dir='ltr'>cameramos</span> 
     </span>
     <span class='ocr_line' id='line_1_29' title="bbox 131 2792 1242 2874; baseline 0.004 -22"><span class='ocrx_word' id='word_1_267' title='bbox 131 2792 245 2852; x_wconf 90' lang='lat' dir='ltr'>ebrium</span> <span class='ocrx_word' id='word_1_268' title='bbox 261 2801 289 2852; x_wconf 89' lang='lat' dir='ltr'>et</span> <span class='ocrx_word' id='word_1_269' title='bbox 304 2792 403 2870; x_wconf 88' lang='lat' dir='ltr'>coepit</span> <span class='ocrx_word' id='word_1_270' title='bbox 417 2792 588 2853; x_wconf 89' lang='lat' dir='ltr'>Menecratis</span> <span class='ocrx_word' id='word_1_271' title='bbox 604 2793 713 2854; x_wconf 90' lang='lat' dir='ltr'>cantica</span> <span class='ocrx_word' id='word_1_272' title='bbox 728 2794 868 2866; x_wconf 88' lang='lat' dir='ltr'>lacerare,</span> <span class='ocrx_word' id='word_1_273' title='bbox 884 2796 960 2855; x_wconf 89' lang='lat' dir='ltr'>sicut</span> <span class='ocrx_word' id='word_1_274' title='bbox 975 2793 1013 2854; x_wconf 91' lang='lat' dir='ltr'>illi</span> <span class='ocrx_word' id='word_1_275' title='bbox 1029 2794 1176 2867; x_wconf 90' lang='lat' dir='ltr'>dicebant,</span> <span class='ocrx_word' id='word_1_276' title='bbox 1193 2794 1242 2874; x_wconf 90' lang='lat' dir='ltr'>qui</span> 
     </span>
     <span class='ocr_line' id='line_1_30' title="bbox 129 2876 1241 2954; baseline 0.004 -17"><span class='ocrx_word' id='word_1_277' title='bbox 129 2877 259 2954; x_wconf 91' lang='lat' dir='ltr'>linguam</span> <span class='ocrx_word' id='word_1_278' title='bbox 280 2876 342 2936; x_wconf 90' lang='lat' dir='ltr'>eius</span> <span class='ocrx_word' id='word_1_279' title='bbox 363 2876 568 2953; x_wconf 90' lang='lat' dir='ltr'>intelligebant.</span> <span class='ocrx_word' id='word_1_280' title='bbox 599 2878 686 2939; x_wconf 89' lang='lat' dir='ltr'>ceteri</span> <span class='ocrx_word' id='word_1_281' title='bbox 707 2879 843 2938; x_wconf 89' lang='lat' dir='ltr'>convivae</span> <span class='ocrx_word' id='word_1_282' title='bbox 869 2878 944 2939; x_wconf 90' lang='lat' dir='ltr'>circa</span> <span class='ocrx_word' id='word_1_283' title='bbox 969 2879 1083 2940; x_wconf 87' lang='lat' dir='ltr'>labrom</span> <span class='ocrx_word' id='word_1_284' title='bbox 1106 2879 1241 2942; x_wconf 91' lang='lat' dir='ltr'>manibus</span> 
     </span>
     <span class='ocr_line' id='line_1_31' title="bbox 130 2960 1241 3040; baseline 0.005 -18"><span class='ocrx_word' id='word_1_285' title='bbox 130 2961 212 3022; x_wconf 91' lang='lat' dir='ltr'>nexis</span> <span class='ocrx_word' id='word_1_286' title='bbox 229 2961 385 3020; x_wconf 90' lang='lat' dir='ltr'>currebant</span> <span class='ocrx_word' id='word_1_287' title='bbox 400 2969 429 3020; x_wconf 91' lang='lat' dir='ltr'>et</span> <span class='ocrx_word' id='word_1_288' title='bbox 444 2960 602 3038; x_wconf 93' lang='lat' dir='ltr'>gingilipho</span> <span class='ocrx_word' id='word_1_289' title='bbox 619 2963 728 3040; x_wconf 88' lang='lat' dir='ltr'>ingenti</span> <span class='ocrx_word' id='word_1_290' title='bbox 745 2963 870 3023; x_wconf 88' lang='lat' dir='ltr'>clamore</span> <span class='ocrx_word' id='word_1_291' title='bbox 885 2962 1056 3023; x_wconf 87' lang='lat' dir='ltr'>exonahant.</span> <span class='ocrx_word' id='word_1_292' title='bbox 1086 2964 1131 3023; x_wconf 94' lang='lat' dir='ltr'>alii</span> <span class='ocrx_word' id='word_1_293' title='bbox 1143 2973 1241 3027; x_wconf 89' lang='lat' dir='ltr'>autem</span> 
     </span>
     <span class='ocr_line' id='line_1_32' title="bbox 131 3044 1243 3125; baseline 0.004 -17"><span class='ocrx_word' id='word_1_294' title='bbox 131 3053 180 3108; x_wconf 89' lang='lat' dir='ltr'>aut</span> <span class='ocrx_word' id='word_1_295' title='bbox 194 3045 336 3106; x_wconf 89' lang='lat' dir='ltr'>restrictis</span> <span class='ocrx_word' id='word_1_296' title='bbox 360 3044 495 3106; x_wconf 90' lang='lat' dir='ltr'>manibus</span> <span class='ocrx_word' id='word_1_297' title='bbox 515 3045 617 3106; x_wconf 93' lang='lat' dir='ltr'>anulos</span> <span class='ocrx_word' id='word_1_298' title='bbox 639 3047 673 3106; x_wconf 93' lang='lat' dir='ltr'>de</span> <span class='ocrx_word' id='word_1_299' title='bbox 695 3045 861 3125; x_wconf 89' lang='lat' dir='ltr'>pavimento</span> <span class='ocrx_word' id='word_1_300' title='bbox 883 3047 1063 3109; x_wconf 89' lang='lat' dir='ltr'>conabantur</span> <span class='ocrx_word' id='word_1_301' title='bbox 1077 3048 1176 3109; x_wconf 92' lang='lat' dir='ltr'>tollere</span> <span class='ocrx_word' id='word_1_302' title='bbox 1192 3058 1243 3112; x_wconf 91' lang='lat' dir='ltr'>aut</span> 
     </span>
     <span class='ocr_line' id='line_1_33' title="bbox 130 3130 1240 3213; baseline 0.005 -21"><span class='ocrx_word' id='word_1_303' title='bbox 130 3131 229 3211; x_wconf 87' lang='lat' dir='ltr'>posito</span> <span class='ocrx_word' id='word_1_304' title='bbox 252 3149 328 3209; x_wconf 89' lang='lat' dir='ltr'>genu</span> <span class='ocrx_word' id='word_1_305' title='bbox 345 3130 469 3191; x_wconf 86' lang='lat' dir='ltr'>cervices</span> <span class='ocrx_word' id='word_1_306' title='bbox 484 3139 554 3209; x_wconf 92' lang='lat' dir='ltr'>post</span> <span class='ocrx_word' id='word_1_307' title='bbox 568 3140 646 3210; x_wconf 90' lang='lat' dir='ltr'>terga</span> <span class='ocrx_word' id='word_1_308' title='bbox 662 3131 777 3192; x_wconf 87' lang='lat' dir='ltr'>flectere</span> <span class='ocrx_word' id='word_1_309' title='bbox 793 3140 821 3193; x_wconf 88' lang='lat' dir='ltr'>et</span> <span class='ocrx_word' id='word_1_310' title='bbox 836 3133 943 3213; x_wconf 90' lang='lat' dir='ltr'>pedum</span> <span class='ocrx_word' id='word_1_311' title='bbox 959 3140 1105 3194; x_wconf 88' lang='lat' dir='ltr'>extremos</span> <span class='ocrx_word' id='word_1_312' title='bbox 1122 3136 1240 3213; x_wconf 88' lang='lat' dir='ltr'>pollices</span> 
     </span>
     <span class='ocr_line' id='line_1_34' title="bbox 131 3216 1241 3298; baseline 0.005 -21"><span class='ocrx_word' id='word_1_313' title='bbox 131 3223 260 3294; x_wconf 92' lang='lat' dir='ltr'>tangere.</span> <span class='ocrx_word' id='word_1_314' title='bbox 291 3234 356 3286; x_wconf 90' lang='lat' dir='ltr'>nos,</span> <span class='ocrx_word' id='word_1_315' title='bbox 374 3216 443 3276; x_wconf 90' lang='lat' dir='ltr'>dum</span> <span class='ocrx_word' id='word_1_316' title='bbox 461 3216 505 3276; x_wconf 90' lang='lat' dir='ltr'>alii</span> <span class='ocrx_word' id='word_1_317' title='bbox 521 3216 577 3276; x_wconf 91' lang='lat' dir='ltr'>sibi</span> <span class='ocrx_word' id='word_1_318' title='bbox 592 3216 677 3277; x_wconf 90' lang='lat' dir='ltr'>ludos</span> <span class='ocrx_word' id='word_1_319' title='bbox 692 3216 815 3290; x_wconf 84' lang='lat' dir='ltr'>faciunt,</span> <span class='ocrx_word' id='word_1_320' title='bbox 832 3219 861 3279; x_wconf 94' lang='lat' dir='ltr'>in</span> <span class='ocrx_word' id='word_1_321' title='bbox 878 3218 997 3294; x_wconf 88' lang='lat' dir='ltr'>solium,</span> <span class='ocrx_word' id='word_1_322' title='bbox 1017 3220 1096 3298; x_wconf 90' lang='lat' dir='ltr'>quod</span> <span class='ocrx_word' id='word_1_323' title='bbox 1114 3220 1241 3283; x_wconf 89' lang='lat' dir='ltr'>Trimal-</span> 
     </span>
     <span class='ocr_line' id='line_1_35' title="bbox 132 3301 634 3381; baseline 0 -19"><span class='ocrx_word' id='word_1_324' title='bbox 132 3301 231 3362; x_wconf 93' lang='lat' dir='ltr'>chioni</span> <span class='ocrx_word' id='word_1_325' title='bbox 247 3301 414 3381; x_wconf 88' lang='lat' dir='ltr'>parabatur,</span> <span class='ocrx_word' id='word_1_326' title='bbox 430 3301 634 3364; x_wconf 90' lang='lat' dir='ltr'>descendimus</span> 
     </span>
    </p>
   </div>
   <div class='ocr_carea' id='block_1_3' title="bbox 77 3470 1242 4068">
    <p class='ocr_par' dir='ltr' id='par_1_3' title="bbox 77 3470 1242 4068">
     <span class='ocr_line' id='line_1_36' title="bbox 217 3470 1241 3550; baseline 0.006 -18"><span class='ocrx_word' id='word_1_327' title='bbox 217 3479 287 3550; x_wconf 85' lang='lat' dir='ltr'>ergo</span> <span class='ocrx_word' id='word_1_328' title='bbox 308 3471 445 3532; x_wconf 91' lang='lat' dir='ltr'>ebrietate</span> <span class='ocrx_word' id='word_1_329' title='bbox 464 3471 597 3533; x_wconf 90' lang='lat' dir='ltr'>discussa</span> <span class='ocrx_word' id='word_1_330' title='bbox 612 3470 643 3532; x_wconf 95' lang='lat' dir='ltr'>in</span> <span class='ocrx_word' id='word_1_331' title='bbox 659 3472 734 3533; x_wconf 84' lang='lat' dir='ltr'>aliod</span> <span class='ocrx_word' id='word_1_332' title='bbox 750 3473 906 3534; x_wconf 91' lang='lat' dir='ltr'>triclinium</span> <span class='ocrx_word' id='word_1_333' title='bbox 923 3473 1038 3535; x_wconf 91' lang='lat' dir='ltr'>deducti</span> <span class='ocrx_word' id='word_1_334' title='bbox 1053 3494 1171 3549; x_wconf 92' lang='lat' dir='ltr'>sumus,</span> <span class='ocrx_word' id='word_1_335' title='bbox 1191 3477 1241 3538; x_wconf 90' lang='lat' dir='ltr'>ubi</span> 
     </span>
     <span class='ocr_line' id='line_1_37' title="bbox 132 3556 1241 3637; baseline 0.004 -19"><span class='ocrx_word' id='word_1_336' title='bbox 132 3556 293 3619; x_wconf 84' lang='lat' dir='ltr'>Fortunata</span> <span class='ocrx_word' id='word_1_337' title='bbox 319 3557 506 3637; x_wconf 90' lang='lat' dir='ltr'>disposuerat</span> <span class='ocrx_word' id='word_1_338' title='bbox 528 3556 653 3618; x_wconf 90' lang='lat' dir='ltr'>lautitias</span> <span class='ocrx_word' id='word_1_339' title='bbox 682 3560 778 3636; x_wconf 81' lang='lat' dir='ltr'>[suas]</span> <span class='ocrx_word' id='word_1_340' title='bbox 800 3559 840 3618; x_wconf 91' lang='lat' dir='ltr'>ita</span> <span class='ocrx_word' id='word_1_341' title='bbox 865 3565 1006 3637; x_wconf 90' lang='lat' dir='ltr'>utsupra</span> <span class='ocrx_word' id='word_1_342' title='bbox 1033 3560 1165 3623; x_wconf 89' lang='lat' dir='ltr'>lucernas</span> <span class='ocrx_word' id='word_1_343' title='bbox 1183 3608 1189 3622; x_wconf 93' lang='lat'>.</span> <span class='ocrx_word' id='word_1_344' title='bbox 1208 3608 1241 3622; x_wconf 89' lang='lat'>..</span> 
     </span>
     <span class='ocr_line' id='line_1_38' title="bbox 132 3643 1241 3725; baseline 0.005 -22"><span class='ocrx_word' id='word_1_345' title='bbox 132 3643 328 3721; x_wconf 88' lang='lat' dir='ltr'>aeneolosque</span> <span class='ocrx_word' id='word_1_346' title='bbox 348 3644 511 3722; x_wconf 87' lang='lat' dir='ltr'>piscatores</span> <span class='ocrx_word' id='word_1_347' title='bbox 531 3643 692 3703; x_wconf 92' lang='lat' dir='ltr'>notaverim</span> <span class='ocrx_word' id='word_1_348' title='bbox 719 3651 747 3704; x_wconf 92' lang='lat' dir='ltr'>et</span> <span class='ocrx_word' id='word_1_349' title='bbox 768 3662 884 3704; x_wconf 90' lang='lat' dir='ltr'>mensas</span> <span class='ocrx_word' id='word_1_350' title='bbox 905 3652 982 3706; x_wconf 85' lang='lat' dir='ltr'>totas</span> <span class='ocrx_word' id='word_1_351' title='bbox 1003 3655 1156 3725; x_wconf 90' lang='lat' dir='ltr'>argenteas</span> <span class='ocrx_word' id='word_1_352' title='bbox 1172 3647 1241 3708; x_wconf 91' lang='lat' dir='ltr'>cali-</span> 
     </span>
     <span class='ocr_line' id='line_1_39' title="bbox 133 3725 1241 3810; baseline 0.006 -23"><span class='ocrx_word' id='word_1_353' title='bbox 133 3745 238 3807; x_wconf 89' lang='lat' dir='ltr'>cesque</span> <span class='ocrx_word' id='word_1_354' title='bbox 255 3727 330 3787; x_wconf 89' lang='lat' dir='ltr'>circa</span> <span class='ocrx_word' id='word_1_355' title='bbox 345 3726 447 3787; x_wconf 87' lang='lat' dir='ltr'>fictiles</span> <span class='ocrx_word' id='word_1_356' title='bbox 464 3725 611 3788; x_wconf 90' lang='lat' dir='ltr'>inauratos</span> <span class='ocrx_word' id='word_1_357' title='bbox 628 3735 657 3789; x_wconf 90' lang='lat' dir='ltr'>et</span> <span class='ocrx_word' id='word_1_358' title='bbox 673 3729 771 3790; x_wconf 90' lang='lat' dir='ltr'>vinnm</span> <span class='ocrx_word' id='word_1_359' title='bbox 785 3729 814 3790; x_wconf 91' lang='lat' dir='ltr'>in</span> <span class='ocrx_word' id='word_1_360' title='bbox 827 3740 988 3810; x_wconf 91' lang='lat' dir='ltr'>conspectu</span> <span class='ocrx_word' id='word_1_361' title='bbox 1001 3751 1086 3794; x_wconf 90' lang='lat' dir='ltr'>sacco</span> <span class='ocrx_word' id='word_1_362' title='bbox 1100 3734 1241 3794; x_wconf 85' lang='lat' dir='ltr'>defluens.</span> 
     </span>
     <span class='ocr_line' id='line_1_40' title="bbox 132 3803 1242 3893; baseline 0.006 -20"><span class='ocrx_word' id='word_1_363' title='bbox 132 3818 195 3874; x_wconf 91' lang='lat' dir='ltr'>tum</span> <span class='ocrx_word' id='word_1_364' title='bbox 209 3811 387 3873; x_wconf 88' lang='lat' dir='ltr'>Trimalchio</span> <span class='ocrx_word' id='word_1_365' title='bbox 400 3803 504 3872; x_wconf 80' lang='lat' dir='ltr'>‘amici&#39;</span> <span class='ocrx_word' id='word_1_366' title='bbox 521 3813 615 3892; x_wconf 93' lang='lat' dir='ltr'>inquit</span> <span class='ocrx_word' id='word_1_367' title='bbox 626 3804 725 3875; x_wconf 80' lang='lat' dir='ltr'>‘hodie</span> <span class='ocrx_word' id='word_1_368' title='bbox 741 3834 842 3876; x_wconf 89' lang='lat' dir='ltr'>servus</span> <span class='ocrx_word' id='word_1_369' title='bbox 858 3835 941 3878; x_wconf 91' lang='lat' dir='ltr'>meus</span> <span class='ocrx_word' id='word_1_370' title='bbox 957 3818 1152 3880; x_wconf 87' lang='lat' dir='ltr'>barbatoriam</span> <span class='ocrx_word' id='word_1_371' title='bbox 1165 3818 1242 3893; x_wconf 91' lang='lat' dir='ltr'>fecit,</span> 
     </span>
     <span class='ocr_line' id='line_1_41' title="bbox 132 3895 1241 3984; baseline 0.005 -25"><span class='ocrx_word' id='word_1_372' title='bbox 132 3899 223 3959; x_wconf 91' lang='lat' dir='ltr'>homo</span> <span class='ocrx_word' id='word_1_373' title='bbox 239 3897 406 3977; x_wconf 89' lang='lat' dir='ltr'>praefiscini</span> <span class='ocrx_word' id='word_1_374' title='bbox 421 3897 498 3977; x_wconf 86' lang='lat' dir='ltr'>frugi</span> <span class='ocrx_word' id='word_1_375' title='bbox 514 3905 543 3960; x_wconf 92' lang='lat' dir='ltr'>et</span> <span class='ocrx_word' id='word_1_376' title='bbox 558 3899 703 3961; x_wconf 89' lang='lat' dir='ltr'>micarius.</span> <span class='ocrx_word' id='word_1_377' title='bbox 733 3901 829 3980; x_wconf 92' lang='lat' dir='ltr'>itaque</span> <span class='ocrx_word' id='word_1_378' title='bbox 843 3895 938 3984; x_wconf 75' lang='grc' dir='ltr'><em>τέγγε</em></span> <span class='ocrx_word' id='word_1_379' title='bbox 952 3897 1136 3983; x_wconf 75' lang='grc' dir='ltr'><strong><em>πνεύμονας</em></strong></span> <span class='ocrx_word' id='word_1_380' title='bbox 1150 3902 1241 3964; x_wconf 85' lang='lat' dir='ltr'>lacia-</span> 
     </span>
     <span class='ocr_line' id='line_1_42' title="bbox 77 3977 1240 4068; baseline 0.006 -24"><span class='ocrx_word' id='word_1_381' title='bbox 77 3985 118 4047; x_wconf 84' lang='lat'>74</span> <span class='ocrx_word' id='word_1_382' title='bbox 133 4001 200 4046; x_wconf 89' lang='lat' dir='ltr'>mus</span> <span class='ocrx_word' id='word_1_383' title='bbox 217 3992 245 4047; x_wconf 93' lang='lat' dir='ltr'>et</span> <span class='ocrx_word' id='word_1_384' title='bbox 259 4002 353 4065; x_wconf 91' lang='lat' dir='ltr'>usquc</span> <span class='ocrx_word' id='word_1_385' title='bbox 367 3984 397 4045; x_wconf 91' lang='lat' dir='ltr'>in</span> <span class='ocrx_word' id='word_1_386' title='bbox 412 3984 507 4048; x_wconf 90' lang='lat' dir='ltr'>lucem</span> <span class='ocrx_word' id='word_1_387' title='bbox 524 3977 678 4049; x_wconf 72' lang='lat' dir='ltr'>cenemus?</span> <span class='ocrx_word' id='word_1_388' title='bbox 708 3987 781 4049; x_wconf 91' lang='lat' dir='ltr'>haec</span> <span class='ocrx_word' id='word_1_389' title='bbox 792 3988 904 4049; x_wconf 88' lang='lat' dir='ltr'>dicente</span> <span class='ocrx_word' id='word_1_390' title='bbox 916 4009 951 4050; x_wconf 89' lang='lat' dir='ltr'>eo</span> <span class='ocrx_word' id='word_1_391' title='bbox 964 3990 1054 4068; x_wconf 91' lang='lat' dir='ltr'>gallus</span> <span class='ocrx_word' id='word_1_392' title='bbox 1067 3987 1240 4066; x_wconf 86' lang='lat' dir='ltr'>galhnaceus</span> 
     </span>
    </p>
   </div>
   <div class='ocr_carea' id='block_1_4' title="bbox 0 0 1331 4710">
    <p class='ocr_par' dir='ltr' id='par_1_4' title="bbox 0 0 1331 4710">
     <span class='ocr_line' id='line_1_43' title="bbox 0 0 1331 4710; baseline 0 0"><span class='ocrx_word' id='word_1_393' title='bbox 0 0 1331 4710; x_wconf 95' lang='lat' dir='ltr'> </span> 
     </span>
    </p>
   </div>
  </div>
 </body>
</html>
