2646 4710
491 374 631 429 sarlhac

107 530 243 593 subsedit
255 538 340 611 pater
354 530 540 604 umbrarum,
557 533 727 611 gremioque
741 534 863 595 reducto

105 615 218 678 telluris
233 617 363 696 pavitans
379 617 522 677 fraternos
537 617 637 696 palluit
650 618 733 680 ictus.

77 729 80 737 ·
107 701 249 764 continuo
266 702 361 773 clades
377 702 530 763 hominum
545 710 723 782 venturaque
739 705 843 766 damna
931 738 935 745 «

106 785 244 866 auspiciis
259 794 378 866 patuere
393 787 493 862 deum3
508 806 633 867 namque
648 808 699 849 cre
715 797 834 851 cruento

106 872 250 934 deformis
266 873 352 933 Titan
367 873 476 934 vultum
493 872 611 951 caligine
625 874 710 935 texit:

106 957 202 1019 civiles
219 956 295 1018 acies
311 957 369 1018 iam
384 966 446 1019 tum
462 961 574 1038 spirare
589 966 717 1038 putares.

106 1049 190 1122 parte
205 1042 260 1102 alia
275 1043 378 1121 plenos
395 1044 514 1105 extinxit
529 1045 649 1124 Cynthia
664 1045 760 1106 vultus

106 1134 135 1188 et
149 1127 245 1188 lucem
257 1128 358 1189 sceleri
374 1129 520 1190 subduxit.
546 1137 631 1209 rupta
647 1131 789 1192 tonabant

107 1212 264 1275 verticibus
280 1213 370 1292 lapsis
385 1214 495 1275 montis
511 1215 591 1292 iuga,
607 1233 662 1276 nec
677 1234 744 1294 vaga
761 1217 873 1296 passim

104 1298 225 1359 flumina
240 1317 293 1378 per
307 1305 392 1359 notas
408 1298 489 1360 ibant
502 1300 654 1361 morientia
669 1301 759 1379 ripas.

105 1401 257 1444 armorum
272 1383 396 1463 strepitu
411 1385 521 1446 caelum
536 1385 607 1445 furit
621 1393 650 1446 et
664 1385 732 1446 tuba
746 1386 865 1447 Martem

106 1468 250 1530 sideribus
265 1469 432 1530 tremefacta
448 1470 516 1543 ciet,
532 1470 647 1548 iamque
662 1472 752 1531 Aetna
768 1479 887 1532 voratur

105 1553 221 1634 ignibus
237 1554 363 1615 insolitis
379 1561 408 1615 et
422 1555 451 1616 in
468 1555 581 1616 aethera
596 1556 718 1617 fulmina
733 1556 829 1618 mittit.

105 1657 172 1701 ecce
186 1641 262 1700 imer
276 1640 406 1701 tumulos
421 1648 506 1720 atque
522 1659 589 1702 ossa
604 1642 730 1703 carentia
744 1641 838 1703 bustis

104 1724 276 1787 umbrarum
291 1725 380 1786 facies
395 1726 459 1787 dirc
476 1727 602 1788 stridore
618 1726 776 1789 minantur.

104 1810 152 1872 lax
167 1810 259 1871 stellis
275 1811 411 1872 comitata
425 1811 510 1873 ncvis
525 1812 657 1874 incendia
673 1813 766 1887 ducit,

104 1895 322 1975 sanguineoque
336 1914 437 1958 recens
454 1898 605 1959 descendit
618 1898 747 1977 luppiter
761 1898 865 1959 imbre.

104 1981 177 2042 baec
192 1988 307 2042 ostenta
321 1981 403 2042 brevi
419 1983 505 2044 solvit
519 1983 600 2047 deus
631 1984 726 2045 exsuit
740 2001 843 2044 omnes

106 2065 214 2145 quippe
228 2085 329 2127 moras
345 2066 463 2141 Caesar,
478 2068 680 2147 vindictaeque
694 2075 776 2131 actus
791 2087 891 2131 amere

106 2151 210 2213 Gallica
225 2152 360 2230 proiecit,
376 2152 466 2215 civilia
482 2153 600 2214 sustulit
613 2172 702 2215 arma.

146 2236 268 2316 Alpibus
283 2237 384 2308 aeriis,
398 2238 449 2299 ubi
465 2238 551 2300 Graio
567 2239 687 2300 nomine
703 2240 803 2319 pulsae

105 2323 284 2384 descendunt
298 2340 386 2402 rupes
402 2332 476 2385 etse
491 2327 642 2404 patiuntur
657 2325 742 2398 adiri,

104 2415 150 2469 est
162 2407 246 2468 loeus
261 2408 409 2470 Herculeis
424 2410 482 2470 aris
498 2429 593 2471 sacer:
609 2410 688 2470 bunc
701 2410 768 2470 nire
782 2411 854 2472 dura

104 2492 210 2554 claudit
224 2493 320 2554 hiems
335 2506 467 2575 canoque
482 2497 517 2557 ad
533 2496 627 2556 sidera
644 2495 748 2556 vertice
762 2495 845 2557 tellit.

104 2577 216 2638 caelum
232 2578 311 2641 illinc
325 2580 465 2641 cecidisse
481 2588 581 2660 putes:
598 2596 658 2640 non
675 2581 746 2642 solis
762 2581 853 2641 adulti

103 2663 284 2726 mansuescit
297 2665 400 2738 radiis,
416 2682 477 2726 nou
493 2666 573 2726 verni
586 2665 728 2744 temperis
744 2684 826 2737 aura,

103 2748 154 2810 sed
170 2749 259 2828 glacie
274 2757 407 2811 concreta
422 2750 519 2828 rigens
535 2751 697 2830 hiemisque
712 2750 826 2830 pruinis

102 2841 196 2895 tntum
211 2834 292 2895 ferre
302 2843 402 2914 potest
416 2835 525 2896 umeris
540 2835 743 2897 minitantibus
759 2836 870 2898 orbem.

101 2919 173 2980 haec
186 2919 235 2980 ubi
251 2920 368 2981 calcarit
382 2919 488 2982 Caesar
502 2922 568 3000 iuga
583 2921 673 2982 milite
688 2921 762 2983 laeto

103 3004 268 3085 optavitque
282 3005 392 3074 locum,
409 3025 526 3068 summo
543 3008 579 3069 de
595 3007 699 3069 vertice
713 3007 823 3069 montis

102 3087 257 3167 Hesperiae
273 3109 393 3170 campos
408 3092 465 3153 late
480 3096 632 3172 prespexit
647 3100 676 3154 et
690 3093 791 3154 ambas

101 3173 248 3236 intentans
264 3195 329 3237 cum
345 3194 535 3239 rosemanus
552 3180 588 3238 ad
604 3179 698 3239 sidera
714 3179 799 3239 dixit:

76 3246 232 3339 “Iuppiter
246 3262 449 3341 omnipotens,
467 3271 495 3323 et
509 3273 553 3333 tu,
569 3262 704 3323 Saturnia
721 3263 835 3332 Tellus,

101 3345 189 3405 armis
205 3345 276 3406 laeta
291 3348 364 3408 meis
381 3347 511 3426 olimque
526 3355 646 3408 onerata
662 3347 833 3426 triumphis,

87 3436 208 3504 testor,
225 3432 260 3491 ad
276 3433 330 3492 has
347 3431 421 3493 acies
437 3432 560 3493 invitum
576 3450 724 3494 accersere
740 3433 874 3504 Martem,

99 3513 204 3576 invitas
220 3535 268 3577 me
281 3517 357 3578 ferre
372 3534 486 3578 manus.
516 3519 567 3578 sed
584 3519 700 3579 vulnere
714 3534 817 3596 cogor,

98 3599 201 3679 pulsus
216 3601 251 3662 ab
267 3603 338 3662 urbe
352 3621 429 3673 mea,
445 3603 514 3663 dum
531 3602 665 3664 Rhenum
683 3601 954 3683 sanguinemque,

99 3684 168 3745 drrm
185 3686 281 3748 Gallos
297 3686 402 3748 iterum
418 3687 556 3766 Capitolia
571 3697 672 3750 nostra
687 3696 818 3768 petentes
906 3688 909 3696 '

100 3769 222 3849 Alpibus
238 3773 377 3843 excludo,
393 3773 537 3834 vincendo
554 3774 661 3834 certior
674 3774 747 3835 exul.

98 3856 241 3934 sanguine
256 3857 401 3918 Germano
418 3859 623 3938 sexagintaque
636 3858 795 3938 triumphis

98 3959 163 4001 esse
178 3958 288 4003 nccens
304 3944 397 4021 coepi.
428 3961 604 4025 quamquam
621 3963 696 4023 qucs
712 3942 801 4022 gloria
816 3949 917 4016 terret,

99 4032 149 4092 aut
163 4027 212 4116 qui
228 4035 298 4089 sunt
312 4027 361 4108 qui
376 4027 448 4095 bella
463 4025 582 4090 vetem?
597 4028 781 4093 mercedibus
797 4035 912 4111 emptae

1022 3616 1070 3666 160

1020 4043 1067 4093 165
